2020-09-16 txn "--CASH-- bought 2 items for €2.60"
  timestamp: "2020-09-16 14:37:06.975975"
  type: "purchase"
  Assets:Inventory:Bar     -1 CM  
  Assets:Cash:Bar           1 CM  
  Assets:Inventory:Bar     -1 MARS
  Assets:Cash:Bar           1 MARS
  Assets:Cash:Bar        2.60 EUR 
  Income:Bar            -2.60 EUR 

2020-09-16 txn "Yvan bought 2 items for €3.00"
  timestamp: "2020-09-16 18:40:34.598599"
  type: "purchase"
  Assets:Inventory:Bar             -1 ICETEA
  Liabilities:Bar:Members:Yvan      1 ICETEA
  Assets:Inventory:Bar             -1 COKE  
  Liabilities:Bar:Members:Yvan      1 COKE  
  Liabilities:Bar:Members:Yvan   3.00 EUR   
  Income:Bar                    -3.00 EUR   

2020-09-16 txn "Bloemist bought 1 items for €1.50"
  timestamp: "2020-09-16 19:23:10.734986"
  type: "purchase"
  Assets:Inventory:Bar                 -1 COKE_ZERO
  Liabilities:Bar:Members:Bloemist      1 COKE_ZERO
  Liabilities:Bar:Members:Bloemist   1.50 EUR      
  Income:Bar                        -1.50 EUR      

2020-09-16 txn "Merlijn bought 1 items for €0.60"
  timestamp: "2020-09-16 20:48:57.611662"
  type: "purchase"
  Assets:Inventory:Bar                -1 MNM
  Liabilities:Bar:Members:Merlijn      1 MNM
  Liabilities:Bar:Members:Merlijn   0.60 EUR
  Income:Bar                       -0.60 EUR

2020-09-16 txn "TQ bought 1 items for €1.50"
  timestamp: "2020-09-16 21:48:18.042144"
  type: "purchase"
  Assets:Inventory:Bar                -1 COKE
  Liabilities:Bar:Members:Thequux      1 COKE
  Liabilities:Bar:Members:Thequux   1.50 EUR 
  Income:Bar                       -1.50 EUR 

2020-09-16 txn "Bloemist bought 1 items for €1.50"
  timestamp: "2020-09-16 21:52:49.937836"
  type: "purchase"
  Assets:Inventory:Bar                 -1 COKE_ZERO
  Liabilities:Bar:Members:Bloemist      1 COKE_ZERO
  Liabilities:Bar:Members:Bloemist   1.50 EUR      
  Income:Bar                        -1.50 EUR      

2020-09-17 txn "Yvan bought 1 items for €1.50"
  timestamp: "2020-09-17 08:30:02.129887"
  type: "purchase"
  Assets:Inventory:Bar             -1 ICETEA
  Liabilities:Bar:Members:Yvan      1 ICETEA
  Liabilities:Bar:Members:Yvan   1.50 EUR   
  Income:Bar                    -1.50 EUR   

2020-09-17 txn "Sander bought 1 items for €0.60"
  timestamp: "2020-09-17 08:36:46.603661"
  type: "purchase"
  Assets:Inventory:Bar               -1 BOUNTY
  Liabilities:Bar:Members:Sander      1 BOUNTY
  Liabilities:Bar:Members:Sander   0.60 EUR   
  Income:Bar                      -0.60 EUR   

2020-09-17 txn "Sander bought 1 items for €0.60"
  timestamp: "2020-09-17 08:42:46.475747"
  type: "purchase"
  Assets:Inventory:Bar               -1 BOUNTY
  Liabilities:Bar:Members:Sander      1 BOUNTY
  Liabilities:Bar:Members:Sander   0.60 EUR   
  Income:Bar                      -0.60 EUR   

2020-09-17 txn "TQ bought 3 items for €3.20"
  timestamp: "2020-09-17 11:15:25.310325"
  type: "purchase"
  Assets:Inventory:Bar                -1 FLORA
  Liabilities:Bar:Members:Thequux      1 FLORA
  Assets:Inventory:Bar                -1 MARS 
  Liabilities:Bar:Members:Thequux      1 MARS 
  Assets:Inventory:Bar                -1 CHIP 
  Liabilities:Bar:Members:Thequux      1 CHIP 
  Liabilities:Bar:Members:Thequux   3.20 EUR  
  Income:Bar                       -3.20 EUR  

2020-09-17 txn "Yvan bought 1 items for €0.60"
  timestamp: "2020-09-17 11:37:44.951426"
  type: "purchase"
  Assets:Inventory:Bar             -1 MARS
  Liabilities:Bar:Members:Yvan      1 MARS
  Liabilities:Bar:Members:Yvan   0.60 EUR 
  Income:Bar                    -0.60 EUR 

2020-09-17 txn "Sander bought 1 items for €0.60"
  timestamp: "2020-09-17 14:20:39.681921"
  type: "purchase"
  Assets:Inventory:Bar               -1 BOUNTY
  Liabilities:Bar:Members:Sander      1 BOUNTY
  Liabilities:Bar:Members:Sander   0.60 EUR   
  Income:Bar                      -0.60 EUR   

2020-09-17 txn "Sander bought 1 items for €1.50"
  timestamp: "2020-09-17 18:35:42.191659"
  type: "purchase"
  Assets:Inventory:Bar               -1 COKE
  Liabilities:Bar:Members:Sander      1 COKE
  Liabilities:Bar:Members:Sander   1.50 EUR 
  Income:Bar                      -1.50 EUR 

2020-09-17 txn "Yvan bought 1 items for €1.50"
  timestamp: "2020-09-17 18:55:15.557351"
  type: "purchase"
  Assets:Inventory:Bar             -1 ICETEA
  Liabilities:Bar:Members:Yvan      1 ICETEA
  Liabilities:Bar:Members:Yvan   1.50 EUR   
  Income:Bar                    -1.50 EUR   

2020-09-17 txn "Sander bought 1 items for €1.50"
  timestamp: "2020-09-17 21:39:41.327639"
  type: "purchase"
  Assets:Inventory:Bar               -1 COKE
  Liabilities:Bar:Members:Sander      1 COKE
  Liabilities:Bar:Members:Sander   1.50 EUR 
  Income:Bar                      -1.50 EUR 

2020-09-18 txn "TQ bought 3 items for €1.80"
  timestamp: "2020-09-18 09:12:54.383639"
  type: "purchase"
  Assets:Inventory:Bar                -1 SNICKERS
  Liabilities:Bar:Members:Thequux      1 SNICKERS
  Assets:Inventory:Bar                -1 MARS    
  Liabilities:Bar:Members:Thequux      1 MARS    
  Assets:Inventory:Bar                -1 BOUNTY  
  Liabilities:Bar:Members:Thequux      1 BOUNTY  
  Liabilities:Bar:Members:Thequux   1.80 EUR     
  Income:Bar                       -1.80 EUR     

2020-09-18 txn "Miker bought 2 items for €4.00"
  timestamp: "2020-09-18 11:54:52.387645"
  type: "purchase"
  Assets:Inventory:Bar              -2 CM 
  Liabilities:Bar:Members:Miker      2 CM 
  Liabilities:Bar:Members:Miker   4.00 EUR
  Income:Bar                     -4.00 EUR

2020-09-18 txn "Yvan bought 1 items for €1.50"
  timestamp: "2020-09-18 12:36:38.352981"
  type: "purchase"
  Assets:Inventory:Bar             -1 ICETEA
  Liabilities:Bar:Members:Yvan      1 ICETEA
  Liabilities:Bar:Members:Yvan   1.50 EUR   
  Income:Bar                    -1.50 EUR   

2020-09-18 txn "TQ gave Yvan a gift of €6.50"
  timestamp: "2020-09-18 14:00:25.319699"
  type: "transfer"
  Liabilities:Bar:Members:Thequux   6.50 EUR
  Liabilities:Bar:Members:Yvan     -6.50 EUR

2020-09-18 txn "TQ bought 1 items for €2.00"
  timestamp: "2020-09-18 16:45:37.798603"
  type: "purchase"
  Assets:Inventory:Bar                -1 FLORA
  Liabilities:Bar:Members:Thequux      1 FLORA
  Liabilities:Bar:Members:Thequux   2.00 EUR  
  Income:Bar                       -2.00 EUR  

2020-09-18 txn "Sander deposited €50.00"
  timestamp: "2020-09-18 18:10:29.770046"
  type: "deposit"
  Liabilities:Bar:Members:Sander  -50.00 EUR
  Assets:Cash:Bar                  50.00 EUR

2020-09-18 txn "Sander bought 1 items for €0.60"
  timestamp: "2020-09-18 18:10:58.654361"
  type: "purchase"
  Assets:Inventory:Bar               -1 BOUNTY
  Liabilities:Bar:Members:Sander      1 BOUNTY
  Liabilities:Bar:Members:Sander   0.60 EUR   
  Income:Bar                      -0.60 EUR   

2020-09-18 txn "Yvan bought 1 items for €1.50"
  timestamp: "2020-09-18 18:14:46.611116"
  type: "purchase"
  Assets:Inventory:Bar             -1 ICETEA
  Liabilities:Bar:Members:Yvan      1 ICETEA
  Liabilities:Bar:Members:Yvan   1.50 EUR   
  Income:Bar                    -1.50 EUR   

2020-09-18 txn "qwaxys bought 1 items for €1.50"
  timestamp: "2020-09-18 18:27:29.366354"
  type: "purchase"
  Assets:Inventory:Bar             -1 COKE
  Liabilities:Bar:Members:Bart      1 COKE
  Liabilities:Bar:Members:Bart   1.50 EUR 
  Income:Bar                    -1.50 EUR 

2020-09-18 txn "--CASH-- bought 1 items for €1.50"
  timestamp: "2020-09-18 20:29:55.696453"
  type: "purchase"
  Assets:Inventory:Bar     -1 COKE_ZERO
  Assets:Cash:Bar           1 COKE_ZERO
  Assets:Cash:Bar        1.50 EUR      
  Income:Bar            -1.50 EUR      

2020-09-18 txn "Yvan bought 1 items for €1.50"
  timestamp: "2020-09-18 20:59:36.215455"
  type: "purchase"
  Assets:Inventory:Bar             -1 ICETEA
  Liabilities:Bar:Members:Yvan      1 ICETEA
  Liabilities:Bar:Members:Yvan   1.50 EUR   
  Income:Bar                    -1.50 EUR   

2020-09-18 txn "Sander bought 1 items for €1.50"
  timestamp: "2020-09-18 21:04:42.849927"
  type: "purchase"
  Assets:Inventory:Bar               -1 COKE
  Liabilities:Bar:Members:Sander      1 COKE
  Liabilities:Bar:Members:Sander   1.50 EUR 
  Income:Bar                      -1.50 EUR 

2020-09-18 txn "Sander bought 1 items for €0.60"
  timestamp: "2020-09-18 21:12:17.025425"
  type: "purchase"
  Assets:Inventory:Bar               -1 BOUNTY
  Liabilities:Bar:Members:Sander      1 BOUNTY
  Liabilities:Bar:Members:Sander   0.60 EUR   
  Income:Bar                      -0.60 EUR   

2020-09-19 txn "TQ bought 1 items for €2.00"
  timestamp: "2020-09-19 08:44:49.373558"
  type: "purchase"
  Assets:Inventory:Bar                -1 FLORA
  Liabilities:Bar:Members:Thequux      1 FLORA
  Liabilities:Bar:Members:Thequux   2.00 EUR  
  Income:Bar                       -2.00 EUR  

2020-09-19 txn "Yvan bought 1 items for €1.50"
  timestamp: "2020-09-19 08:44:54.516897"
  type: "purchase"
  Assets:Inventory:Bar             -1 ICETEA
  Liabilities:Bar:Members:Yvan      1 ICETEA
  Liabilities:Bar:Members:Yvan   1.50 EUR   
  Income:Bar                    -1.50 EUR   

2020-09-19 txn "Yvan bought 1 items for €1.50"
  timestamp: "2020-09-19 09:44:31.945378"
  type: "purchase"
  Assets:Inventory:Bar             -1 ICETEA
  Liabilities:Bar:Members:Yvan      1 ICETEA
  Liabilities:Bar:Members:Yvan   1.50 EUR   
  Income:Bar                    -1.50 EUR   

2020-09-19 txn "Yvan bought 1 items for €1.50"
  timestamp: "2020-09-19 11:38:21.371389"
  type: "purchase"
  Assets:Inventory:Bar             -1 COKE
  Liabilities:Bar:Members:Yvan      1 COKE
  Liabilities:Bar:Members:Yvan   1.50 EUR 
  Income:Bar                    -1.50 EUR 

2020-09-19 txn "Yvan bought 1 items for €1.50"
  timestamp: "2020-09-19 12:44:30.117051"
  type: "purchase"
  Assets:Inventory:Bar             -1 ICETEA
  Liabilities:Bar:Members:Yvan      1 ICETEA
  Liabilities:Bar:Members:Yvan   1.50 EUR   
  Income:Bar                    -1.50 EUR   

2020-09-19 txn "TQ bought 1 items for €2.00"
  timestamp: "2020-09-19 16:14:12.019400"
  type: "purchase"
  Assets:Inventory:Bar                -1 FLORA
  Liabilities:Bar:Members:Thequux      1 FLORA
  Liabilities:Bar:Members:Thequux   2.00 EUR  
  Income:Bar                       -2.00 EUR  

2020-09-19 txn "Yvan bought 2 items for €2.10"
  timestamp: "2020-09-19 20:01:32.823728"
  type: "purchase"
  Assets:Inventory:Bar             -1 ICETEA
  Liabilities:Bar:Members:Yvan      1 ICETEA
  Assets:Inventory:Bar             -1 CHIP  
  Liabilities:Bar:Members:Yvan      1 CHIP  
  Liabilities:Bar:Members:Yvan   2.10 EUR   
  Income:Bar                    -2.10 EUR   

2020-09-20 txn "Yvan bought 1 items for €1.50"
  timestamp: "2020-09-20 09:01:56.751822"
  type: "purchase"
  Assets:Inventory:Bar             -1 ICETEA
  Liabilities:Bar:Members:Yvan      1 ICETEA
  Liabilities:Bar:Members:Yvan   1.50 EUR   
  Income:Bar                    -1.50 EUR   

2020-09-20 txn "TQ bought 2 items for €2.10"
  timestamp: "2020-09-20 11:22:59.372338"
  type: "purchase"
  Assets:Inventory:Bar                -1 MARS  
  Liabilities:Bar:Members:Thequux      1 MARS  
  Assets:Inventory:Bar                -1 ICETEA
  Liabilities:Bar:Members:Thequux      1 ICETEA
  Liabilities:Bar:Members:Thequux   2.10 EUR   
  Income:Bar                       -2.10 EUR   

2020-09-20 txn "Yvan bought 1 items for €1.50"
  timestamp: "2020-09-20 11:38:00.351679"
  type: "purchase"
  Assets:Inventory:Bar             -1 ICETEA
  Liabilities:Bar:Members:Yvan      1 ICETEA
  Liabilities:Bar:Members:Yvan   1.50 EUR   
  Income:Bar                    -1.50 EUR   

2020-09-20 txn "Yvan bought 1 items for €1.50"
  timestamp: "2020-09-20 12:42:34.061470"
  type: "purchase"
  Assets:Inventory:Bar             -1 COKE
  Liabilities:Bar:Members:Yvan      1 COKE
  Liabilities:Bar:Members:Yvan   1.50 EUR 
  Income:Bar                    -1.50 EUR 

2020-09-20 txn "Sander bought 1 items for €1.50"
  timestamp: "2020-09-20 12:48:50.639782"
  type: "purchase"
  Assets:Inventory:Bar               -1 COKE
  Liabilities:Bar:Members:Sander      1 COKE
  Liabilities:Bar:Members:Sander   1.50 EUR 
  Income:Bar                      -1.50 EUR 

2020-09-20 txn "Yvan bought 1 items for €1.50"
  timestamp: "2020-09-20 14:10:32.327517"
  type: "purchase"
  Assets:Inventory:Bar             -1 ICETEA
  Liabilities:Bar:Members:Yvan      1 ICETEA
  Liabilities:Bar:Members:Yvan   1.50 EUR   
  Income:Bar                    -1.50 EUR   

2020-09-20 txn "Carro​armato0 bought 2 items for €2.10"
  timestamp: "2020-09-20 15:13:32.384148"
  type: "purchase"
  Assets:Inventory:Bar                     -1 SNICKERS 
  Liabilities:Bar:Members:Carroarmato0      1 SNICKERS 
  Assets:Inventory:Bar                     -1 COKE_ZERO
  Liabilities:Bar:Members:Carroarmato0      1 COKE_ZERO
  Liabilities:Bar:Members:Carroarmato0   2.10 EUR      
  Income:Bar                            -2.10 EUR      

2020-09-20 txn "TQ bought 1 items for €0.60"
  timestamp: "2020-09-20 15:20:51.376126"
  type: "purchase"
  Assets:Inventory:Bar                -1 CHIP
  Liabilities:Bar:Members:Thequux      1 CHIP
  Liabilities:Bar:Members:Thequux   0.60 EUR 
  Income:Bar                       -0.60 EUR 

2020-09-20 txn "Carro​armato0 bought 1 items for €0.60"
  timestamp: "2020-09-20 15:28:00.551914"
  type: "purchase"
  Assets:Inventory:Bar                     -1 CHIP
  Liabilities:Bar:Members:Carroarmato0      1 CHIP
  Liabilities:Bar:Members:Carroarmato0   0.60 EUR 
  Income:Bar                            -0.60 EUR 

2020-09-20 txn "Carro​armato0 bought 2 items for €2.60"
  timestamp: "2020-09-20 15:33:19.102751"
  type: "purchase"
  Assets:Inventory:Bar                     -1 FLORA 
  Liabilities:Bar:Members:Carroarmato0      1 FLORA 
  Assets:Inventory:Bar                     -1 BOUNTY
  Liabilities:Bar:Members:Carroarmato0      1 BOUNTY
  Liabilities:Bar:Members:Carroarmato0   2.60 EUR   
  Income:Bar                            -2.60 EUR   

2020-09-20 txn "Sander bought 1 items for €0.60"
  timestamp: "2020-09-20 15:46:34.571762"
  type: "purchase"
  Assets:Inventory:Bar               -1 BOUNTY
  Liabilities:Bar:Members:Sander      1 BOUNTY
  Liabilities:Bar:Members:Sander   0.60 EUR   
  Income:Bar                      -0.60 EUR   

2020-09-20 txn "TQ bought 1 items for €2.00"
  timestamp: "2020-09-20 16:03:28.963394"
  type: "purchase"
  Assets:Inventory:Bar                -1 FLORA
  Liabilities:Bar:Members:Thequux      1 FLORA
  Liabilities:Bar:Members:Thequux   2.00 EUR  
  Income:Bar                       -2.00 EUR  

2020-09-20 txn "Sander bought 1 items for €1.50"
  timestamp: "2020-09-20 18:29:55.387792"
  type: "purchase"
  Assets:Inventory:Bar               -1 COKE
  Liabilities:Bar:Members:Sander      1 COKE
  Liabilities:Bar:Members:Sander   1.50 EUR 
  Income:Bar                      -1.50 EUR 

2020-09-20 txn "Yvan bought 1 items for €1.50"
  timestamp: "2020-09-20 18:38:31.378203"
  type: "purchase"
  Assets:Inventory:Bar             -1 ICETEA
  Liabilities:Bar:Members:Yvan      1 ICETEA
  Liabilities:Bar:Members:Yvan   1.50 EUR   
  Income:Bar                    -1.50 EUR   

2020-09-20 txn "Sander gave Yvan a gift of €3.00"
  timestamp: "2020-09-20 18:56:24.641894"
  type: "transfer"
  Liabilities:Bar:Members:Sander   3.00 EUR
  Liabilities:Bar:Members:Yvan    -3.00 EUR

2020-09-20 txn "Yvan bought 1 items for €1.50"
  timestamp: "2020-09-20 20:19:28.023404"
  type: "purchase"
  Assets:Inventory:Bar             -1 ICETEA
  Liabilities:Bar:Members:Yvan      1 ICETEA
  Liabilities:Bar:Members:Yvan   1.50 EUR   
  Income:Bar                    -1.50 EUR   

2020-09-20 txn "Sander bought 1 items for €1.50"
  timestamp: "2020-09-20 20:33:17.185890"
  type: "purchase"
  Assets:Inventory:Bar               -1 COKE
  Liabilities:Bar:Members:Sander      1 COKE
  Liabilities:Bar:Members:Sander   1.50 EUR 
  Income:Bar                      -1.50 EUR 

2020-09-21 txn "Yvan bought 1 items for €1.50"
  timestamp: "2020-09-21 10:47:46.414665"
  type: "purchase"
  Assets:Inventory:Bar             -1 COKE_ZERO
  Liabilities:Bar:Members:Yvan      1 COKE_ZERO
  Liabilities:Bar:Members:Yvan   1.50 EUR      
  Income:Bar                    -1.50 EUR      

2020-09-21 txn "TQ bought 1 items for €2.00"
  timestamp: "2020-09-21 13:09:36.690444"
  type: "purchase"
  Assets:Inventory:Bar                -1 FLORA
  Liabilities:Bar:Members:Thequux      1 FLORA
  Liabilities:Bar:Members:Thequux   2.00 EUR  
  Income:Bar                       -2.00 EUR  

2020-09-21 txn "Yvan bought 1 items for €1.50"
  timestamp: "2020-09-21 13:09:42.146813"
  type: "purchase"
  Assets:Inventory:Bar             -1 ICETEA
  Liabilities:Bar:Members:Yvan      1 ICETEA
  Liabilities:Bar:Members:Yvan   1.50 EUR   
  Income:Bar                    -1.50 EUR   

2020-09-21 txn "Yvan bought 1 items for €0.60"
  timestamp: "2020-09-21 15:00:05.650686"
  type: "purchase"
  Assets:Inventory:Bar             -1 CHIP
  Liabilities:Bar:Members:Yvan      1 CHIP
  Liabilities:Bar:Members:Yvan   0.60 EUR 
  Income:Bar                    -0.60 EUR 

2020-09-21 txn "Yvan bought 1 items for €1.50"
  timestamp: "2020-09-21 19:42:24.373359"
  type: "purchase"
  Assets:Inventory:Bar             -1 ICETEA
  Liabilities:Bar:Members:Yvan      1 ICETEA
  Liabilities:Bar:Members:Yvan   1.50 EUR   
  Income:Bar                    -1.50 EUR   

2020-09-21 txn "Els bought 1 items for €0.60"
  timestamp: "2020-09-21 20:10:00.715035"
  type: "purchase"
  Assets:Inventory:Bar            -1 CHIP
  Liabilities:Bar:Members:Els      1 CHIP
  Liabilities:Bar:Members:Els   0.60 EUR 
  Income:Bar                   -0.60 EUR 

2020-09-22 txn "Els deposited €20.00"
  timestamp: "2020-09-22 04:58:26.822866"
  type: "deposit"
  Liabilities:Bar:Members:Els  -20.00 EUR
  Assets:Cash:Bar               20.00 EUR

2020-09-22 txn "TQ bought 2 items for €1.20"
  timestamp: "2020-09-22 08:04:49.498599"
  type: "purchase"
  Assets:Inventory:Bar                -1 MARS
  Liabilities:Bar:Members:Thequux      1 MARS
  Assets:Inventory:Bar                -1 CHIP
  Liabilities:Bar:Members:Thequux      1 CHIP
  Liabilities:Bar:Members:Thequux   1.20 EUR 
  Income:Bar                       -1.20 EUR 

2020-09-22 txn "Yvan bought 1 items for €1.50"
  timestamp: "2020-09-22 09:37:23.213166"
  type: "purchase"
  Assets:Inventory:Bar             -1 ICETEA
  Liabilities:Bar:Members:Yvan      1 ICETEA
  Liabilities:Bar:Members:Yvan   1.50 EUR   
  Income:Bar                    -1.50 EUR   

2020-09-22 txn "TQ bought 1 items for €0.60"
  timestamp: "2020-09-22 12:51:29.223657"
  type: "purchase"
  Assets:Inventory:Bar                -1 BOUNTY
  Liabilities:Bar:Members:Thequux      1 BOUNTY
  Liabilities:Bar:Members:Thequux   0.60 EUR   
  Income:Bar                       -0.60 EUR   

2020-09-22 txn "Yvan bought 1 items for €0.60"
  timestamp: "2020-09-22 13:25:29.527668"
  type: "purchase"
  Assets:Inventory:Bar             -1 CHIP
  Liabilities:Bar:Members:Yvan      1 CHIP
  Liabilities:Bar:Members:Yvan   0.60 EUR 
  Income:Bar                    -0.60 EUR 

2020-09-22 txn "TQ gave Yvan a gift of €6.50"
  timestamp: "2020-09-22 14:00:42.206871"
  type: "transfer"
  Liabilities:Bar:Members:Thequux   6.50 EUR
  Liabilities:Bar:Members:Yvan     -6.50 EUR

2020-09-22 txn "Yvan bought 1 items for €1.50"
  timestamp: "2020-09-22 14:25:42.563380"
  type: "purchase"
  Assets:Inventory:Bar             -1 ICETEA
  Liabilities:Bar:Members:Yvan      1 ICETEA
  Liabilities:Bar:Members:Yvan   1.50 EUR   
  Income:Bar                    -1.50 EUR   

2020-09-22 txn "TQ bought 1 items for €2.00"
  timestamp: "2020-09-22 14:25:49.052715"
  type: "purchase"
  Assets:Inventory:Bar                -1 CM 
  Liabilities:Bar:Members:Thequux      1 CM 
  Liabilities:Bar:Members:Thequux   2.00 EUR
  Income:Bar                       -2.00 EUR

2020-09-22 txn "Yvan bought 1 items for €1.50"
  timestamp: "2020-09-22 16:35:08.094877"
  type: "purchase"
  Assets:Inventory:Bar             -1 COKE
  Liabilities:Bar:Members:Yvan      1 COKE
  Liabilities:Bar:Members:Yvan   1.50 EUR 
  Income:Bar                    -1.50 EUR 

2020-09-22 txn "TQ bought 1 items for €2.00"
  timestamp: "2020-09-22 16:41:13.766847"
  type: "purchase"
  Assets:Inventory:Bar                -1 FLORA
  Liabilities:Bar:Members:Thequux      1 FLORA
  Liabilities:Bar:Members:Thequux   2.00 EUR  
  Income:Bar                       -2.00 EUR  

2020-09-22 txn "Sander bought 1 items for €1.50"
  timestamp: "2020-09-22 16:42:43.554977"
  type: "purchase"
  Assets:Inventory:Bar               -1 COKE
  Liabilities:Bar:Members:Sander      1 COKE
  Liabilities:Bar:Members:Sander   1.50 EUR 
  Income:Bar                      -1.50 EUR 

2020-09-22 txn "Merlijn bought 2 items for €2.10"
  timestamp: "2020-09-22 16:58:03.345997"
  type: "purchase"
  Assets:Inventory:Bar                -1 ICETEA
  Liabilities:Bar:Members:Merlijn      1 ICETEA
  Assets:Inventory:Bar                -1 CHIP  
  Liabilities:Bar:Members:Merlijn      1 CHIP  
  Liabilities:Bar:Members:Merlijn   2.10 EUR   
  Income:Bar                       -2.10 EUR   

2020-09-22 txn "Sander bought 1 items for €1.50"
  timestamp: "2020-09-22 17:16:36.366912"
  type: "purchase"
  Assets:Inventory:Bar               -1 COKE
  Liabilities:Bar:Members:Sander      1 COKE
  Liabilities:Bar:Members:Sander   1.50 EUR 
  Income:Bar                      -1.50 EUR 

2020-09-22 txn "Yvan bought 1 items for €1.50"
  timestamp: "2020-09-22 17:18:28.607299"
  type: "purchase"
  Assets:Inventory:Bar             -1 ICETEA
  Liabilities:Bar:Members:Yvan      1 ICETEA
  Liabilities:Bar:Members:Yvan   1.50 EUR   
  Income:Bar                    -1.50 EUR   

2020-09-22 txn "Sander bought 1 items for €1.50"
  timestamp: "2020-09-22 18:11:37.641124"
  type: "purchase"
  Assets:Inventory:Bar               -1 COKE
  Liabilities:Bar:Members:Sander      1 COKE
  Liabilities:Bar:Members:Sander   1.50 EUR 
  Income:Bar                      -1.50 EUR 

2020-09-22 txn "Bloemist bought 2 items for €4.00"
  timestamp: "2020-09-22 21:23:59.032811"
  type: "purchase"
  Assets:Inventory:Bar                 -2 CM 
  Liabilities:Bar:Members:Bloemist      2 CM 
  Liabilities:Bar:Members:Bloemist   4.00 EUR
  Income:Bar                        -4.00 EUR

2020-09-22 txn "Bloemist bought 3 items for €3.00"
  timestamp: "2020-09-22 21:25:03.023897"
  type: "purchase"
  Assets:Inventory:Bar                 -3 WRISTBAND
  Liabilities:Bar:Members:Bloemist      3 WRISTBAND
  Liabilities:Bar:Members:Bloemist   3.00 EUR      
  Liabilities:Bar:Members:Marquis   -1.50 EUR      
  Income:Bar                        -1.50 EUR      

2020-09-23 txn "TQ bought 1 items for €2.00"
  timestamp: "2020-09-23 09:35:53.376670"
  type: "purchase"
  Assets:Inventory:Bar                -1 CM 
  Liabilities:Bar:Members:Thequux      1 CM 
  Liabilities:Bar:Members:Thequux   2.00 EUR
  Income:Bar                       -2.00 EUR

2020-09-23 txn "Yvan bought 1 items for €1.50"
  timestamp: "2020-09-23 09:35:57.699788"
  type: "purchase"
  Assets:Inventory:Bar             -1 ICETEA
  Liabilities:Bar:Members:Yvan      1 ICETEA
  Liabilities:Bar:Members:Yvan   1.50 EUR   
  Income:Bar                    -1.50 EUR   

2020-09-23 txn "Merlijn bought 2 items for €1.20"
  timestamp: "2020-09-23 10:08:48.410201"
  type: "purchase"
  Assets:Inventory:Bar                -2 CHIP
  Liabilities:Bar:Members:Merlijn      2 CHIP
  Liabilities:Bar:Members:Merlijn   1.20 EUR 
  Income:Bar                       -1.20 EUR 

2020-09-23 txn "qwaxys bought 1 items for €0.60"
  timestamp: "2020-09-23 12:11:11.191650"
  type: "purchase"
  Assets:Inventory:Bar             -1 MARS
  Liabilities:Bar:Members:Bart      1 MARS
  Liabilities:Bar:Members:Bart   0.60 EUR 
  Income:Bar                    -0.60 EUR 

2020-09-23 txn "Evils bought 1 items for €2.00"
  timestamp: "2020-09-23 12:54:15.143564"
  type: "purchase"
  Assets:Inventory:Bar              -1 VITAMALZ
  Liabilities:Bar:Members:Elvis      1 VITAMALZ
  Liabilities:Bar:Members:Elvis   2.00 EUR     
  Income:Bar                     -2.00 EUR     

2020-09-23 txn "Yvan bought 2 items for €2.60"
  timestamp: "2020-09-23 13:26:38.534648"
  type: "purchase"
  Assets:Inventory:Bar             -1 VITAMALZ
  Liabilities:Bar:Members:Yvan      1 VITAMALZ
  Assets:Inventory:Bar             -1 MARS    
  Liabilities:Bar:Members:Yvan      1 MARS    
  Liabilities:Bar:Members:Yvan   2.60 EUR     
  Income:Bar                    -2.60 EUR     

2020-09-23 txn "Evils gave Sasja a gift of €0.50"
  timestamp: "2020-09-23 14:47:58.431142"
  type: "transfer"
  Liabilities:Bar:Members:Elvis   0.50 EUR
  Liabilities:Bar:Members:Sasja  -0.50 EUR

2020-09-23 txn "TQ bought 1 items for €0.60"
  timestamp: "2020-09-23 15:31:23.381793"
  type: "purchase"
  Assets:Inventory:Bar                -1 CHIP
  Liabilities:Bar:Members:Thequux      1 CHIP
  Liabilities:Bar:Members:Thequux   0.60 EUR 
  Income:Bar                       -0.60 EUR 

2020-09-23 txn "Yvan bought 1 items for €1.50"
  timestamp: "2020-09-23 16:41:20.836607"
  type: "purchase"
  Assets:Inventory:Bar             -1 ICETEA
  Liabilities:Bar:Members:Yvan      1 ICETEA
  Liabilities:Bar:Members:Yvan   1.50 EUR   
  Income:Bar                    -1.50 EUR   

2020-09-23 txn "Carro​armato0 bought 2 items for €2.60"
  timestamp: "2020-09-23 19:00:07.837127"
  type: "purchase"
  Assets:Inventory:Bar                     -1 SNICKERS
  Liabilities:Bar:Members:Carroarmato0      1 SNICKERS
  Assets:Inventory:Bar                     -1 CM      
  Liabilities:Bar:Members:Carroarmato0      1 CM      
  Liabilities:Bar:Members:Carroarmato0   2.60 EUR     
  Income:Bar                            -2.60 EUR     

2020-09-23 txn "Carro​armato0 bought 4 items for €2.40"
  timestamp: "2020-09-23 19:17:20.383823"
  type: "purchase"
  Assets:Inventory:Bar                     -2 MARS
  Liabilities:Bar:Members:Carroarmato0      2 MARS
  Assets:Inventory:Bar                     -2 MNM 
  Liabilities:Bar:Members:Carroarmato0      2 MNM 
  Liabilities:Bar:Members:Carroarmato0   2.40 EUR 
  Income:Bar                            -2.40 EUR 

2020-09-24 txn "Yvan bought 1 items for €2.00"
  timestamp: "2020-09-24 08:54:29.996821"
  type: "purchase"
  Assets:Inventory:Bar             -1 CM 
  Liabilities:Bar:Members:Yvan      1 CM 
  Liabilities:Bar:Members:Yvan   2.00 EUR
  Income:Bar                    -2.00 EUR

2020-09-24 txn "TQ bought 1 items for €2.00"
  timestamp: "2020-09-24 10:41:54.665248"
  type: "purchase"
  Assets:Inventory:Bar                -1 FLORA
  Liabilities:Bar:Members:Thequux      1 FLORA
  Liabilities:Bar:Members:Thequux   2.00 EUR  
  Income:Bar                       -2.00 EUR  

2020-09-24 txn "TQ bought 1 items for €0.60"
  timestamp: "2020-09-24 13:03:14.377344"
  type: "purchase"
  Assets:Inventory:Bar                -1 CHIP
  Liabilities:Bar:Members:Thequux      1 CHIP
  Liabilities:Bar:Members:Thequux   0.60 EUR 
  Income:Bar                       -0.60 EUR 

2020-09-24 txn "Carro​armato0 bought 2 items for €2.60"
  timestamp: "2020-09-24 16:19:41.022518"
  type: "purchase"
  Assets:Inventory:Bar                     -1 BOUNTY
  Liabilities:Bar:Members:Carroarmato0      1 BOUNTY
  Assets:Inventory:Bar                     -1 CM    
  Liabilities:Bar:Members:Carroarmato0      1 CM    
  Liabilities:Bar:Members:Carroarmato0   2.60 EUR   
  Income:Bar                            -2.60 EUR   

2020-09-24 txn "Yvan bought 1 items for €1.50"
  timestamp: "2020-09-24 16:39:52.965281"
  type: "purchase"
  Assets:Inventory:Bar             -1 ICETEA
  Liabilities:Bar:Members:Yvan      1 ICETEA
  Liabilities:Bar:Members:Yvan   1.50 EUR   
  Income:Bar                    -1.50 EUR   

2020-09-24 txn "TQ bought 2 items for €1.20"
  timestamp: "2020-09-24 17:37:33.703694"
  type: "purchase"
  Assets:Inventory:Bar                -1 SNICKERS
  Liabilities:Bar:Members:Thequux      1 SNICKERS
  Assets:Inventory:Bar                -1 MARS    
  Liabilities:Bar:Members:Thequux      1 MARS    
  Liabilities:Bar:Members:Thequux   1.20 EUR     
  Income:Bar                       -1.20 EUR     

2020-09-25 txn "Yvan bought 1 items for €1.50"
  timestamp: "2020-09-25 06:52:47.057972"
  type: "purchase"
  Assets:Inventory:Bar             -1 COKE
  Liabilities:Bar:Members:Yvan      1 COKE
  Liabilities:Bar:Members:Yvan   1.50 EUR 
  Income:Bar                    -1.50 EUR 

2020-09-25 txn "Yvan deposited €30.00"
  timestamp: "2020-09-25 06:53:24.378670"
  type: "deposit"
  Liabilities:Bar:Members:Yvan  -30.00 EUR
  Assets:Cash:Bar                30.00 EUR

2020-09-25 txn "TQ bought 1 items for €2.00"
  timestamp: "2020-09-25 07:27:57.402357"
  type: "purchase"
  Assets:Inventory:Bar                -1 FLORA
  Liabilities:Bar:Members:Thequux      1 FLORA
  Liabilities:Bar:Members:Thequux   2.00 EUR  
  Income:Bar                       -2.00 EUR  

2020-09-25 txn "Yvan bought 2 items for €2.10"
  timestamp: "2020-09-25 10:17:19.384293"
  type: "purchase"
  Assets:Inventory:Bar             -1 ICETEA
  Liabilities:Bar:Members:Yvan      1 ICETEA
  Assets:Inventory:Bar             -1 BOUNTY
  Liabilities:Bar:Members:Yvan      1 BOUNTY
  Liabilities:Bar:Members:Yvan   2.10 EUR   
  Income:Bar                    -2.10 EUR   

2020-09-25 txn "Yvan bought 1 items for €0.60"
  timestamp: "2020-09-25 11:47:11.438506"
  type: "purchase"
  Assets:Inventory:Bar             -1 BOUNTY
  Liabilities:Bar:Members:Yvan      1 BOUNTY
  Liabilities:Bar:Members:Yvan   0.60 EUR   
  Income:Bar                    -0.60 EUR   

2020-09-25 txn "Miker bought 2 items for €4.00"
  timestamp: "2020-09-25 12:03:09.380974"
  type: "purchase"
  Assets:Inventory:Bar              -2 CM 
  Liabilities:Bar:Members:Miker      2 CM 
  Liabilities:Bar:Members:Miker   4.00 EUR
  Income:Bar                     -4.00 EUR

2020-09-25 txn "TQ bought 1 items for €2.00"
  timestamp: "2020-09-25 14:25:04.693041"
  type: "purchase"
  Assets:Inventory:Bar                -1 FLORA
  Liabilities:Bar:Members:Thequux      1 FLORA
  Liabilities:Bar:Members:Thequux   2.00 EUR  
  Income:Bar                       -2.00 EUR  

2020-09-25 txn "Carro​armato0 bought 1 items for €2.00"
  timestamp: "2020-09-25 14:58:40.620515"
  type: "purchase"
  Assets:Inventory:Bar                     -1 FLORA
  Liabilities:Bar:Members:Carroarmato0      1 FLORA
  Liabilities:Bar:Members:Carroarmato0   2.00 EUR  
  Income:Bar                            -2.00 EUR  

2020-09-25 txn "Sander bought 2 items for €2.10"
  timestamp: "2020-09-25 15:59:06.416030"
  type: "purchase"
  Assets:Inventory:Bar               -1 COKE  
  Liabilities:Bar:Members:Sander      1 COKE  
  Assets:Inventory:Bar               -1 BOUNTY
  Liabilities:Bar:Members:Sander      1 BOUNTY
  Liabilities:Bar:Members:Sander   2.10 EUR   
  Income:Bar                      -2.10 EUR   

2020-09-25 txn "TQ bought 1 items for €2.00"
  timestamp: "2020-09-25 16:22:01.011408"
  type: "purchase"
  Assets:Inventory:Bar                -1 FLORA
  Liabilities:Bar:Members:Thequux      1 FLORA
  Liabilities:Bar:Members:Thequux   2.00 EUR  
  Income:Bar                       -2.00 EUR  

2020-09-25 txn "Sander bought 1 items for €0.60"
  timestamp: "2020-09-25 16:38:49.085104"
  type: "purchase"
  Assets:Inventory:Bar               -1 BOUNTY
  Liabilities:Bar:Members:Sander      1 BOUNTY
  Liabilities:Bar:Members:Sander   0.60 EUR   
  Income:Bar                      -0.60 EUR   

2020-09-25 txn "Carro​armato0 bought 2 items for €1.20"
  timestamp: "2020-09-25 16:53:42.819599"
  type: "purchase"
  Assets:Inventory:Bar                     -1 SNICKERS
  Liabilities:Bar:Members:Carroarmato0      1 SNICKERS
  Assets:Inventory:Bar                     -1 MNM     
  Liabilities:Bar:Members:Carroarmato0      1 MNM     
  Liabilities:Bar:Members:Carroarmato0   1.20 EUR     
  Income:Bar                            -1.20 EUR     

2020-09-25 txn "Sander bought 1 items for €0.60"
  timestamp: "2020-09-25 18:22:04.796786"
  type: "purchase"
  Assets:Inventory:Bar               -1 BOUNTY
  Liabilities:Bar:Members:Sander      1 BOUNTY
  Liabilities:Bar:Members:Sander   0.60 EUR   
  Income:Bar                      -0.60 EUR   

2020-09-25 txn "Sander bought 2 items for €3.00"
  timestamp: "2020-09-25 19:51:01.179137"
  type: "purchase"
  Assets:Inventory:Bar               -2 COKE
  Liabilities:Bar:Members:Sander      2 COKE
  Liabilities:Bar:Members:Sander   3.00 EUR 
  Income:Bar                      -3.00 EUR 

2020-09-26 txn "Yvan bought 1 items for €0.60"
  timestamp: "2020-09-26 10:25:49.907538"
  type: "purchase"
  Assets:Inventory:Bar             -1 CHIP
  Liabilities:Bar:Members:Yvan      1 CHIP
  Liabilities:Bar:Members:Yvan   0.60 EUR 
  Income:Bar                    -0.60 EUR 

2020-09-26 txn "Sander bought 1 items for €0.60"
  timestamp: "2020-09-26 10:26:25.917098"
  type: "purchase"
  Assets:Inventory:Bar               -1 BOUNTY
  Liabilities:Bar:Members:Sander      1 BOUNTY
  Liabilities:Bar:Members:Sander   0.60 EUR   
  Income:Bar                      -0.60 EUR   

2020-09-26 txn "Sander bought 1 items for €1.50"
  timestamp: "2020-09-26 11:33:13.987773"
  type: "purchase"
  Assets:Inventory:Bar               -1 COKE
  Liabilities:Bar:Members:Sander      1 COKE
  Liabilities:Bar:Members:Sander   1.50 EUR 
  Income:Bar                      -1.50 EUR 

2020-09-26 txn "qwaxys bought 1 items for €1.50"
  timestamp: "2020-09-26 11:53:08.112585"
  type: "purchase"
  Assets:Inventory:Bar             -1 COKE
  Liabilities:Bar:Members:Bart      1 COKE
  Liabilities:Bar:Members:Bart   1.50 EUR 
  Income:Bar                    -1.50 EUR 

2020-09-26 txn "TQ bought 1 items for €2.00"
  timestamp: "2020-09-26 11:54:52.216401"
  type: "purchase"
  Assets:Inventory:Bar                -1 CM 
  Liabilities:Bar:Members:Thequux      1 CM 
  Liabilities:Bar:Members:Thequux   2.00 EUR
  Income:Bar                       -2.00 EUR

2020-09-26 txn "Yvan bought 1 items for €1.50"
  timestamp: "2020-09-26 12:32:10.969649"
  type: "purchase"
  Assets:Inventory:Bar             -1 ICETEA
  Liabilities:Bar:Members:Yvan      1 ICETEA
  Liabilities:Bar:Members:Yvan   1.50 EUR   
  Income:Bar                    -1.50 EUR   

2020-09-26 txn "Sander bought 1 items for €1.50"
  timestamp: "2020-09-26 14:44:34.847785"
  type: "purchase"
  Assets:Inventory:Bar               -1 COKE
  Liabilities:Bar:Members:Sander      1 COKE
  Liabilities:Bar:Members:Sander   1.50 EUR 
  Income:Bar                      -1.50 EUR 

2020-09-26 txn "qwaxys bought 1 items for €1.50"
  timestamp: "2020-09-26 15:21:29.903406"
  type: "purchase"
  Assets:Inventory:Bar             -1 HG 
  Liabilities:Bar:Members:Bart      1 HG 
  Liabilities:Bar:Members:Bart   1.50 EUR
  Income:Bar                    -1.50 EUR

2020-09-26 txn "TQ bought 1 items for €2.00"
  timestamp: "2020-09-26 15:23:32.995434"
  type: "purchase"
  Assets:Inventory:Bar                -1 CM 
  Liabilities:Bar:Members:Thequux      1 CM 
  Liabilities:Bar:Members:Thequux   2.00 EUR
  Income:Bar                       -2.00 EUR

2020-09-26 txn "Lisa bought 1 items for €0.60"
  timestamp: "2020-09-26 15:42:40.636751"
  type: "purchase"
  Assets:Inventory:Bar             -1 SNICKERS
  Liabilities:Bar:Members:Lisa      1 SNICKERS
  Liabilities:Bar:Members:Lisa   0.60 EUR     
  Income:Bar                    -0.60 EUR     

2020-09-26 txn "Yvan bought 1 items for €1.50"
  timestamp: "2020-09-26 15:49:31.362134"
  type: "purchase"
  Assets:Inventory:Bar             -1 ICETEA
  Liabilities:Bar:Members:Yvan      1 ICETEA
  Liabilities:Bar:Members:Yvan   1.50 EUR   
  Income:Bar                    -1.50 EUR   

2020-09-26 txn "Yvan bought 1 items for €1.50"
  timestamp: "2020-09-26 19:21:19.925518"
  type: "purchase"
  Assets:Inventory:Bar             -1 ICETEA
  Liabilities:Bar:Members:Yvan      1 ICETEA
  Liabilities:Bar:Members:Yvan   1.50 EUR   
  Income:Bar                    -1.50 EUR   

2020-09-26 txn "Sander bought 1 items for €1.50"
  timestamp: "2020-09-26 19:21:39.463591"
  type: "purchase"
  Assets:Inventory:Bar               -1 COKE
  Liabilities:Bar:Members:Sander      1 COKE
  Liabilities:Bar:Members:Sander   1.50 EUR 
  Income:Bar                      -1.50 EUR 

2020-09-27 txn "Yvan bought 1 items for €1.50"
  timestamp: "2020-09-27 09:19:02.421605"
  type: "purchase"
  Assets:Inventory:Bar             -1 ICETEA
  Liabilities:Bar:Members:Yvan      1 ICETEA
  Liabilities:Bar:Members:Yvan   1.50 EUR   
  Income:Bar                    -1.50 EUR   

2020-09-27 txn "Els bought 1 items for €2.00"
  timestamp: "2020-09-27 11:26:42.530704"
  type: "purchase"
  Assets:Inventory:Bar            -1 FLORA
  Liabilities:Bar:Members:Els      1 FLORA
  Liabilities:Bar:Members:Els   2.00 EUR  
  Income:Bar                   -2.00 EUR  

2020-09-27 txn "Yvan bought 1 items for €1.50"
  timestamp: "2020-09-27 12:10:34.731885"
  type: "purchase"
  Assets:Inventory:Bar             -1 ICETEA
  Liabilities:Bar:Members:Yvan      1 ICETEA
  Liabilities:Bar:Members:Yvan   1.50 EUR   
  Income:Bar                    -1.50 EUR   

2020-09-27 txn "TQ bought 1 items for €0.60"
  timestamp: "2020-09-27 13:24:04.979671"
  type: "purchase"
  Assets:Inventory:Bar                -1 CHIP
  Liabilities:Bar:Members:Thequux      1 CHIP
  Liabilities:Bar:Members:Thequux   0.60 EUR 
  Income:Bar                       -0.60 EUR 

2020-09-27 txn "Yvan bought 2 items for €1.20"
  timestamp: "2020-09-27 14:56:07.862182"
  type: "purchase"
  Assets:Inventory:Bar             -2 CHIP
  Liabilities:Bar:Members:Yvan      2 CHIP
  Liabilities:Bar:Members:Yvan   1.20 EUR 
  Income:Bar                    -1.20 EUR 

2020-09-27 txn "Els bought 2 items for €3.50"
  timestamp: "2020-09-27 15:44:57.869129"
  type: "purchase"
  Assets:Inventory:Bar            -1 CM    
  Liabilities:Bar:Members:Els      1 CM    
  Assets:Inventory:Bar            -1 ICETEA
  Liabilities:Bar:Members:Els      1 ICETEA
  Liabilities:Bar:Members:Els   3.50 EUR   
  Income:Bar                   -3.50 EUR   

2020-09-27 txn "Els bought 2 items for €4.00"
  timestamp: "2020-09-27 17:30:22.374440"
  type: "purchase"
  Assets:Inventory:Bar            -2 FLORA
  Liabilities:Bar:Members:Els      2 FLORA
  Liabilities:Bar:Members:Els   4.00 EUR  
  Income:Bar                   -4.00 EUR  

2020-09-27 txn "Yvan bought 1 items for €1.50"
  timestamp: "2020-09-27 18:25:13.126319"
  type: "purchase"
  Assets:Inventory:Bar             -1 ICETEA
  Liabilities:Bar:Members:Yvan      1 ICETEA
  Liabilities:Bar:Members:Yvan   1.50 EUR   
  Income:Bar                    -1.50 EUR   

2020-09-27 txn "TQ bought 2 items for €1.20"
  timestamp: "2020-09-27 18:50:46.954587"
  type: "purchase"
  Assets:Inventory:Bar                -1 MARS  
  Liabilities:Bar:Members:Thequux      1 MARS  
  Assets:Inventory:Bar                -1 BOUNTY
  Liabilities:Bar:Members:Thequux      1 BOUNTY
  Liabilities:Bar:Members:Thequux   1.20 EUR   
  Income:Bar                       -1.20 EUR   

2020-09-28 txn "TQ bought 2 items for €2.60"
  timestamp: "2020-09-28 09:08:49.350521"
  type: "purchase"
  Assets:Inventory:Bar                -1 FLORA
  Liabilities:Bar:Members:Thequux      1 FLORA
  Assets:Inventory:Bar                -1 MARS 
  Liabilities:Bar:Members:Thequux      1 MARS 
  Liabilities:Bar:Members:Thequux   2.60 EUR  
  Income:Bar                       -2.60 EUR  

2020-09-28 txn "Yvan bought 1 items for €1.50"
  timestamp: "2020-09-28 09:35:12.214205"
  type: "purchase"
  Assets:Inventory:Bar             -1 ICETEA
  Liabilities:Bar:Members:Yvan      1 ICETEA
  Liabilities:Bar:Members:Yvan   1.50 EUR   
  Income:Bar                    -1.50 EUR   

2020-09-28 txn "Yvan bought 1 items for €0.60"
  timestamp: "2020-09-28 11:38:31.379575"
  type: "purchase"
  Assets:Inventory:Bar             -1 BOUNTY
  Liabilities:Bar:Members:Yvan      1 BOUNTY
  Liabilities:Bar:Members:Yvan   0.60 EUR   
  Income:Bar                    -0.60 EUR   

2020-09-28 txn "TQ bought 1 items for €0.60"
  timestamp: "2020-09-28 12:33:06.130587"
  type: "purchase"
  Assets:Inventory:Bar                -1 CHIP
  Liabilities:Bar:Members:Thequux      1 CHIP
  Liabilities:Bar:Members:Thequux   0.60 EUR 
  Income:Bar                       -0.60 EUR 

2020-09-28 txn "TQ bought 1 items for €0.60"
  timestamp: "2020-09-28 13:42:22.490478"
  type: "purchase"
  Assets:Inventory:Bar                -1 SNICKERS
  Liabilities:Bar:Members:Thequux      1 SNICKERS
  Liabilities:Bar:Members:Thequux   0.60 EUR     
  Income:Bar                       -0.60 EUR     

2020-09-28 txn "Yvan bought 2 items for €2.10"
  timestamp: "2020-09-28 13:56:29.051129"
  type: "purchase"
  Assets:Inventory:Bar             -1 ICETEA
  Liabilities:Bar:Members:Yvan      1 ICETEA
  Assets:Inventory:Bar             -1 CHIP  
  Liabilities:Bar:Members:Yvan      1 CHIP  
  Liabilities:Bar:Members:Yvan   2.10 EUR   
  Income:Bar                    -2.10 EUR   

2020-09-28 txn "Yvan bought 1 items for €1.50"
  timestamp: "2020-09-28 17:06:39.370865"
  type: "purchase"
  Assets:Inventory:Bar             -1 ICETEA
  Liabilities:Bar:Members:Yvan      1 ICETEA
  Liabilities:Bar:Members:Yvan   1.50 EUR   
  Income:Bar                    -1.50 EUR   

2020-09-28 txn "Sander bought 1 items for €0.60"
  timestamp: "2020-09-28 19:00:32.977732"
  type: "purchase"
  Assets:Inventory:Bar               -1 BOUNTY
  Liabilities:Bar:Members:Sander      1 BOUNTY
  Liabilities:Bar:Members:Sander   0.60 EUR   
  Income:Bar                      -0.60 EUR   

2020-09-29 txn "TQ bought 1 items for €2.00"
  timestamp: "2020-09-29 09:06:52.937476"
  type: "purchase"
  Assets:Inventory:Bar                -1 FLORA
  Liabilities:Bar:Members:Thequux      1 FLORA
  Liabilities:Bar:Members:Thequux   2.00 EUR  
  Income:Bar                       -2.00 EUR  

2020-09-29 txn "Yvan bought 1 items for €2.00"
  timestamp: "2020-09-29 09:06:57.677378"
  type: "purchase"
  Assets:Inventory:Bar             -1 CM 
  Liabilities:Bar:Members:Yvan      1 CM 
  Liabilities:Bar:Members:Yvan   2.00 EUR
  Income:Bar                    -2.00 EUR

2020-09-29 txn "Yvan bought 1 items for €0.60"
  timestamp: "2020-09-29 11:06:54.451868"
  type: "purchase"
  Assets:Inventory:Bar             -1 BOUNTY
  Liabilities:Bar:Members:Yvan      1 BOUNTY
  Liabilities:Bar:Members:Yvan   0.60 EUR   
  Income:Bar                    -0.60 EUR   

2020-09-29 txn "Miker bought 2 items for €2.10"
  timestamp: "2020-09-29 11:45:11.567838"
  type: "purchase"
  Assets:Inventory:Bar              -1 COKE    
  Liabilities:Bar:Members:Miker      1 COKE    
  Assets:Inventory:Bar              -1 SNICKERS
  Liabilities:Bar:Members:Miker      1 SNICKERS
  Liabilities:Bar:Members:Miker   2.10 EUR     
  Income:Bar                     -2.10 EUR     

2020-09-29 txn "TQ bought 1 items for €0.60"
  timestamp: "2020-09-29 13:03:20.845568"
  type: "purchase"
  Assets:Inventory:Bar                -1 MARS
  Liabilities:Bar:Members:Thequux      1 MARS
  Liabilities:Bar:Members:Thequux   0.60 EUR 
  Income:Bar                       -0.60 EUR 

2020-09-29 txn "TQ bought 1 items for €2.00"
  timestamp: "2020-09-29 13:08:48.665825"
  type: "purchase"
  Assets:Inventory:Bar                -1 FLORA
  Liabilities:Bar:Members:Thequux      1 FLORA
  Liabilities:Bar:Members:Thequux   2.00 EUR  
  Income:Bar                       -2.00 EUR  

2020-09-29 txn "Yvan bought 2 items for €2.10"
  timestamp: "2020-09-29 13:29:11.510609"
  type: "purchase"
  Assets:Inventory:Bar             -1 COKE
  Liabilities:Bar:Members:Yvan      1 COKE
  Assets:Inventory:Bar             -1 CHIP
  Liabilities:Bar:Members:Yvan      1 CHIP
  Liabilities:Bar:Members:Yvan   2.10 EUR 
  Income:Bar                    -2.10 EUR 

2020-09-29 txn "Yvan bought 3 items for €2.70"
  timestamp: "2020-09-29 14:36:34.659800"
  type: "purchase"
  Assets:Inventory:Bar             -1 ICETEA
  Liabilities:Bar:Members:Yvan      1 ICETEA
  Assets:Inventory:Bar             -1 CHIP  
  Liabilities:Bar:Members:Yvan      1 CHIP  
  Assets:Inventory:Bar             -1 BOUNTY
  Liabilities:Bar:Members:Yvan      1 BOUNTY
  Liabilities:Bar:Members:Yvan   2.70 EUR   
  Income:Bar                    -2.70 EUR   

2020-09-29 txn "Yvan bought 1 items for €1.50"
  timestamp: "2020-09-29 17:02:05.154588"
  type: "purchase"
  Assets:Inventory:Bar             -1 ICETEA
  Liabilities:Bar:Members:Yvan      1 ICETEA
  Liabilities:Bar:Members:Yvan   1.50 EUR   
  Income:Bar                    -1.50 EUR   

2020-09-29 txn "Yvan bought 2 items for €2.60"
  timestamp: "2020-09-29 17:16:05.379164"
  type: "purchase"
  Assets:Inventory:Bar             -1 FRITZ
  Liabilities:Bar:Members:Yvan      1 FRITZ
  Assets:Inventory:Bar             -1 CHIP 
  Liabilities:Bar:Members:Yvan      1 CHIP 
  Liabilities:Bar:Members:Yvan   2.60 EUR  
  Income:Bar                    -2.60 EUR  

2020-09-29 txn "Yvan deposited €1.00"
  timestamp: "2020-09-29 17:16:15.786971"
  type: "deposit"
  Liabilities:Bar:Members:Yvan  -1.00 EUR
  Assets:Cash:Bar                1.00 EUR

2020-09-29 txn "Yvan deposited €1.00"
  timestamp: "2020-09-29 17:16:26.663548"
  type: "deposit"
  Liabilities:Bar:Members:Yvan  -1.00 EUR
  Assets:Cash:Bar                1.00 EUR

2020-09-30 txn "Yvan bought 2 items for €2.10"
  timestamp: "2020-09-30 09:07:30.033709"
  type: "purchase"
  Assets:Inventory:Bar             -1 ICETEA
  Liabilities:Bar:Members:Yvan      1 ICETEA
  Assets:Inventory:Bar             -1 MARS  
  Liabilities:Bar:Members:Yvan      1 MARS  
  Liabilities:Bar:Members:Yvan   2.10 EUR   
  Income:Bar                    -2.10 EUR   

2020-09-30 txn "TQ bought 1 items for €2.00"
  timestamp: "2020-09-30 09:27:30.030064"
  type: "purchase"
  Assets:Inventory:Bar                -1 FLORA
  Liabilities:Bar:Members:Thequux      1 FLORA
  Liabilities:Bar:Members:Thequux   2.00 EUR  
  Income:Bar                       -2.00 EUR  

2020-09-30 txn "qwaxys bought 1 items for €1.50"
  timestamp: "2020-09-30 11:52:07.796552"
  type: "purchase"
  Assets:Inventory:Bar             -1 COKE
  Liabilities:Bar:Members:Bart      1 COKE
  Liabilities:Bar:Members:Bart   1.50 EUR 
  Income:Bar                    -1.50 EUR 

2020-09-30 txn "Yvan bought 1 items for €1.50"
  timestamp: "2020-09-30 11:52:13.376989"
  type: "purchase"
  Assets:Inventory:Bar             -1 ICETEA
  Liabilities:Bar:Members:Yvan      1 ICETEA
  Liabilities:Bar:Members:Yvan   1.50 EUR   
  Income:Bar                    -1.50 EUR   

2020-09-30 txn "Sander bought 1 items for €1.50"
  timestamp: "2020-09-30 13:15:58.969280"
  type: "purchase"
  Assets:Inventory:Bar               -1 COKE
  Liabilities:Bar:Members:Sander      1 COKE
  Liabilities:Bar:Members:Sander   1.50 EUR 
  Income:Bar                      -1.50 EUR 

2020-09-30 txn "TQ bought 1 items for €2.00"
  timestamp: "2020-09-30 13:33:25.812589"
  type: "purchase"
  Assets:Inventory:Bar                -1 FLORA
  Liabilities:Bar:Members:Thequux      1 FLORA
  Liabilities:Bar:Members:Thequux   2.00 EUR  
  Income:Bar                       -2.00 EUR  

2020-09-30 txn "Sander bought 1 items for €0.60"
  timestamp: "2020-09-30 15:10:57.548608"
  type: "purchase"
  Assets:Inventory:Bar               -1 BOUNTY
  Liabilities:Bar:Members:Sander      1 BOUNTY
  Liabilities:Bar:Members:Sander   0.60 EUR   
  Income:Bar                      -0.60 EUR   

2020-09-30 txn "TQ bought 1 items for €2.00"
  timestamp: "2020-09-30 15:47:01.947351"
  type: "purchase"
  Assets:Inventory:Bar                -1 FLORA
  Liabilities:Bar:Members:Thequux      1 FLORA
  Liabilities:Bar:Members:Thequux   2.00 EUR  
  Income:Bar                       -2.00 EUR  

2020-09-30 txn "Yvan bought 1 items for €1.50"
  timestamp: "2020-09-30 15:48:53.488417"
  type: "purchase"
  Assets:Inventory:Bar             -1 COKE
  Liabilities:Bar:Members:Yvan      1 COKE
  Liabilities:Bar:Members:Yvan   1.50 EUR 
  Income:Bar                    -1.50 EUR 

2020-09-30 txn "Sander bought 1 items for €1.50"
  timestamp: "2020-09-30 16:33:00.563635"
  type: "purchase"
  Assets:Inventory:Bar               -1 COKE
  Liabilities:Bar:Members:Sander      1 COKE
  Liabilities:Bar:Members:Sander   1.50 EUR 
  Income:Bar                      -1.50 EUR 

2020-09-30 txn "qwaxys gave Sander a gift of €10.95"
  timestamp: "2020-09-30 17:39:46.887656"
  type: "transfer"
  Liabilities:Bar:Members:Bart     10.95 EUR
  Liabilities:Bar:Members:Sander  -10.95 EUR

2020-09-30 txn "Yvan gave Sander a gift of €11.55"
  timestamp: "2020-09-30 17:51:10.133873"
  type: "transfer"
  Liabilities:Bar:Members:Yvan     11.55 EUR
  Liabilities:Bar:Members:Sander  -11.55 EUR

2020-09-30 txn "Yvan bought 1 items for €1.50"
  timestamp: "2020-09-30 17:51:40.628807"
  type: "purchase"
  Assets:Inventory:Bar             -1 ICETEA
  Liabilities:Bar:Members:Yvan      1 ICETEA
  Liabilities:Bar:Members:Yvan   1.50 EUR   
  Income:Bar                    -1.50 EUR   

2020-09-30 txn "Sander bought 1 items for €1.50"
  timestamp: "2020-09-30 18:00:13.499069"
  type: "purchase"
  Assets:Inventory:Bar               -1 COKE
  Liabilities:Bar:Members:Sander      1 COKE
  Liabilities:Bar:Members:Sander   1.50 EUR 
  Income:Bar                      -1.50 EUR 

2020-09-30 txn "Yvan bought 1 items for €1.50"
  timestamp: "2020-09-30 20:29:14.947403"
  type: "purchase"
  Assets:Inventory:Bar             -1 ICETEA
  Liabilities:Bar:Members:Yvan      1 ICETEA
  Liabilities:Bar:Members:Yvan   1.50 EUR   
  Income:Bar                    -1.50 EUR   

2020-10-01 txn "Els bought 2 items for €2.60"
  timestamp: "2020-10-01 09:47:01.101787"
  type: "purchase"
  Assets:Inventory:Bar            -1 FLORA
  Liabilities:Bar:Members:Els      1 FLORA
  Assets:Inventory:Bar            -1 CHIP 
  Liabilities:Bar:Members:Els      1 CHIP 
  Liabilities:Bar:Members:Els   2.60 EUR  
  Income:Bar                   -2.60 EUR  

2020-10-01 txn "Yvan bought 2 items for €2.10"
  timestamp: "2020-10-01 12:38:20.875781"
  type: "purchase"
  Assets:Inventory:Bar             -1 ICETEA
  Liabilities:Bar:Members:Yvan      1 ICETEA
  Assets:Inventory:Bar             -1 BOUNTY
  Liabilities:Bar:Members:Yvan      1 BOUNTY
  Liabilities:Bar:Members:Yvan   2.10 EUR   
  Income:Bar                    -2.10 EUR   

2020-10-01 txn "TQ bought 1 items for €2.00"
  timestamp: "2020-10-01 13:23:15.949114"
  type: "purchase"
  Assets:Inventory:Bar                -1 FLORA
  Liabilities:Bar:Members:Thequux      1 FLORA
  Liabilities:Bar:Members:Thequux   2.00 EUR  
  Income:Bar                       -2.00 EUR  

2020-10-01 txn "Lisa bought 1 items for €0.60"
  timestamp: "2020-10-01 14:36:10.024337"
  type: "purchase"
  Assets:Inventory:Bar             -1 MARS
  Liabilities:Bar:Members:Lisa      1 MARS
  Liabilities:Bar:Members:Lisa   0.60 EUR 
  Income:Bar                    -0.60 EUR 

2020-10-01 txn "Carro​armato0 bought 3 items for €3.20"
  timestamp: "2020-10-01 16:17:57.680330"
  type: "purchase"
  Assets:Inventory:Bar                     -1 CM      
  Liabilities:Bar:Members:Carroarmato0      1 CM      
  Assets:Inventory:Bar                     -1 SNICKERS
  Liabilities:Bar:Members:Carroarmato0      1 SNICKERS
  Assets:Inventory:Bar                     -1 BOUNTY  
  Liabilities:Bar:Members:Carroarmato0      1 BOUNTY  
  Liabilities:Bar:Members:Carroarmato0   3.20 EUR     
  Income:Bar                            -3.20 EUR     

2020-10-01 txn "Yvan bought 1 items for €1.50"
  timestamp: "2020-10-01 17:15:33.461972"
  type: "purchase"
  Assets:Inventory:Bar             -1 COKE_ZERO
  Liabilities:Bar:Members:Yvan      1 COKE_ZERO
  Liabilities:Bar:Members:Yvan   1.50 EUR      
  Income:Bar                    -1.50 EUR      

2020-10-01 txn "TQ bought 1 items for €2.50"
  timestamp: "2020-10-01 17:17:54.890265"
  type: "purchase"
  Assets:Inventory:Bar                -1 DUVEL
  Liabilities:Bar:Members:Thequux      1 DUVEL
  Liabilities:Bar:Members:Thequux   2.50 EUR  
  Income:Bar                       -2.50 EUR  

2020-10-01 txn "qwaxys bought 1 items for €1.50"
  timestamp: "2020-10-01 17:18:00.494363"
  type: "purchase"
  Assets:Inventory:Bar             -1 COKE
  Liabilities:Bar:Members:Bart      1 COKE
  Liabilities:Bar:Members:Bart   1.50 EUR 
  Income:Bar                    -1.50 EUR 

2020-10-01 txn "Carro​armato0 bought 1 items for €0.60"
  timestamp: "2020-10-01 18:46:09.555703"
  type: "purchase"
  Assets:Inventory:Bar                     -1 SNICKERS
  Liabilities:Bar:Members:Carroarmato0      1 SNICKERS
  Liabilities:Bar:Members:Carroarmato0   0.60 EUR     
  Income:Bar                            -0.60 EUR     

2020-10-02 txn "Yvan bought 1 items for €1.50"
  timestamp: "2020-10-02 11:18:01.500164"
  type: "purchase"
  Assets:Inventory:Bar             -1 ICETEA
  Liabilities:Bar:Members:Yvan      1 ICETEA
  Liabilities:Bar:Members:Yvan   1.50 EUR   
  Income:Bar                    -1.50 EUR   

2020-10-02 txn "TQ bought 1 items for €2.00"
  timestamp: "2020-10-02 13:31:52.105644"
  type: "purchase"
  Assets:Inventory:Bar                -1 FLORA
  Liabilities:Bar:Members:Thequux      1 FLORA
  Liabilities:Bar:Members:Thequux   2.00 EUR  
  Income:Bar                       -2.00 EUR  

2020-10-02 txn "Lisa bought 1 items for €0.60"
  timestamp: "2020-10-02 16:01:58.183755"
  type: "purchase"
  Assets:Inventory:Bar             -1 CHIP
  Liabilities:Bar:Members:Lisa      1 CHIP
  Liabilities:Bar:Members:Lisa   0.60 EUR 
  Income:Bar                    -0.60 EUR 

2020-10-02 txn "Sander bought 1 items for €0.60"
  timestamp: "2020-10-02 16:38:09.213965"
  type: "purchase"
  Assets:Inventory:Bar               -1 BOUNTY
  Liabilities:Bar:Members:Sander      1 BOUNTY
  Liabilities:Bar:Members:Sander   0.60 EUR   
  Income:Bar                      -0.60 EUR   

2020-10-02 txn "Yvan bought 1 items for €1.50"
  timestamp: "2020-10-02 17:15:20.425025"
  type: "purchase"
  Assets:Inventory:Bar             -1 ICETEA
  Liabilities:Bar:Members:Yvan      1 ICETEA
  Liabilities:Bar:Members:Yvan   1.50 EUR   
  Income:Bar                    -1.50 EUR   

2020-10-02 txn "Sander bought 1 items for €0.60"
  timestamp: "2020-10-02 17:35:08.690413"
  type: "purchase"
  Assets:Inventory:Bar               -1 BOUNTY
  Liabilities:Bar:Members:Sander      1 BOUNTY
  Liabilities:Bar:Members:Sander   0.60 EUR   
  Income:Bar                      -0.60 EUR   

2020-10-02 txn "qwaxys bought 1 items for €0.60"
  timestamp: "2020-10-02 17:44:26.775604"
  type: "purchase"
  Assets:Inventory:Bar             -1 SNICKERS
  Liabilities:Bar:Members:Bart      1 SNICKERS
  Liabilities:Bar:Members:Bart   0.60 EUR     
  Income:Bar                    -0.60 EUR     

2020-10-02 txn "Sander bought 1 items for €1.50"
  timestamp: "2020-10-02 19:06:49.506171"
  type: "purchase"
  Assets:Inventory:Bar               -1 COKE
  Liabilities:Bar:Members:Sander      1 COKE
  Liabilities:Bar:Members:Sander   1.50 EUR 
  Income:Bar                      -1.50 EUR 

2020-10-02 txn "Yvan bought 1 items for €1.50"
  timestamp: "2020-10-02 19:16:20.949420"
  type: "purchase"
  Assets:Inventory:Bar             -1 ICETEA
  Liabilities:Bar:Members:Yvan      1 ICETEA
  Liabilities:Bar:Members:Yvan   1.50 EUR   
  Income:Bar                    -1.50 EUR   

2020-10-02 txn "qwaxys bought 1 items for €1.50"
  timestamp: "2020-10-02 19:16:27.214011"
  type: "purchase"
  Assets:Inventory:Bar             -1 COKE
  Liabilities:Bar:Members:Bart      1 COKE
  Liabilities:Bar:Members:Bart   1.50 EUR 
  Income:Bar                    -1.50 EUR 

2020-10-02 txn "Sander gave Yvan a gift of €4.50"
  timestamp: "2020-10-02 20:01:30.354192"
  type: "transfer"
  Liabilities:Bar:Members:Sander   4.50 EUR
  Liabilities:Bar:Members:Yvan    -4.50 EUR

2020-10-02 txn "Sander bought 1 items for €1.50"
  timestamp: "2020-10-02 20:41:24.583649"
  type: "purchase"
  Assets:Inventory:Bar               -1 COKE
  Liabilities:Bar:Members:Sander      1 COKE
  Liabilities:Bar:Members:Sander   1.50 EUR 
  Income:Bar                      -1.50 EUR 

2020-10-03 txn "Yvan deposited €20.00"
  timestamp: "2020-10-03 10:34:41.490896"
  type: "deposit"
  Liabilities:Bar:Members:Yvan  -20.00 EUR
  Assets:Cash:Bar                20.00 EUR

2020-10-03 txn "Yvan bought 1 items for €1.50"
  timestamp: "2020-10-03 10:36:02.213171"
  type: "purchase"
  Assets:Inventory:Bar             -1 ICETEA
  Liabilities:Bar:Members:Yvan      1 ICETEA
  Liabilities:Bar:Members:Yvan   1.50 EUR   
  Income:Bar                    -1.50 EUR   

2020-10-03 txn "Sander bought 1 items for €1.50"
  timestamp: "2020-10-03 11:16:12.879035"
  type: "purchase"
  Assets:Inventory:Bar               -1 COKE
  Liabilities:Bar:Members:Sander      1 COKE
  Liabilities:Bar:Members:Sander   1.50 EUR 
  Income:Bar                      -1.50 EUR 

2020-10-03 txn "Yvan bought 1 items for €1.50"
  timestamp: "2020-10-03 11:27:28.031410"
  type: "purchase"
  Assets:Inventory:Bar             -1 ICETEA
  Liabilities:Bar:Members:Yvan      1 ICETEA
  Liabilities:Bar:Members:Yvan   1.50 EUR   
  Income:Bar                    -1.50 EUR   

2020-10-03 txn "TQ bought 1 items for €2.00"
  timestamp: "2020-10-03 11:51:09.502003"
  type: "purchase"
  Assets:Inventory:Bar                -1 FLORA
  Liabilities:Bar:Members:Thequux      1 FLORA
  Liabilities:Bar:Members:Thequux   2.00 EUR  
  Income:Bar                       -2.00 EUR  

2020-10-03 txn "Els bought 1 items for €1.50"
  timestamp: "2020-10-03 12:12:58.713507"
  type: "purchase"
  Assets:Inventory:Bar            -1 COKE_ZERO
  Liabilities:Bar:Members:Els      1 COKE_ZERO
  Liabilities:Bar:Members:Els   1.50 EUR      
  Income:Bar                   -1.50 EUR      

2020-10-03 txn "Els bought 1 items for €0.60"
  timestamp: "2020-10-03 12:34:27.857779"
  type: "purchase"
  Assets:Inventory:Bar            -1 CHIP
  Liabilities:Bar:Members:Els      1 CHIP
  Liabilities:Bar:Members:Els   0.60 EUR 
  Income:Bar                   -0.60 EUR 

2020-10-03 txn "Sander bought 1 items for €1.50"
  timestamp: "2020-10-03 12:48:53.346057"
  type: "purchase"
  Assets:Inventory:Bar               -1 COKE
  Liabilities:Bar:Members:Sander      1 COKE
  Liabilities:Bar:Members:Sander   1.50 EUR 
  Income:Bar                      -1.50 EUR 

2020-10-03 txn "Yvan bought 1 items for €1.50"
  timestamp: "2020-10-03 13:07:26.907412"
  type: "purchase"
  Assets:Inventory:Bar             -1 ICETEA
  Liabilities:Bar:Members:Yvan      1 ICETEA
  Liabilities:Bar:Members:Yvan   1.50 EUR   
  Income:Bar                    -1.50 EUR   

2020-10-03 txn "TQ bought 1 items for €0.60"
  timestamp: "2020-10-03 13:43:04.759620"
  type: "purchase"
  Assets:Inventory:Bar                -1 CHIP
  Liabilities:Bar:Members:Thequux      1 CHIP
  Liabilities:Bar:Members:Thequux   0.60 EUR 
  Income:Bar                       -0.60 EUR 

2020-10-03 txn "Els bought 2 items for €2.10"
  timestamp: "2020-10-03 14:13:00.394410"
  type: "purchase"
  Assets:Inventory:Bar            -1 ICETEA  
  Liabilities:Bar:Members:Els      1 ICETEA  
  Assets:Inventory:Bar            -1 SNICKERS
  Liabilities:Bar:Members:Els      1 SNICKERS
  Liabilities:Bar:Members:Els   2.10 EUR     
  Income:Bar                   -2.10 EUR     

2020-10-03 txn "Els deposited €120.00"
  timestamp: "2020-10-03 14:24:46.924186"
  type: "deposit"
  Liabilities:Bar:Members:Els  -120.00 EUR
  Assets:Cash:Bar               120.00 EUR

2020-10-03 txn "Els deposited €-70.00"
  timestamp: "2020-10-03 14:25:09.201748"
  type: "deposit"
  Liabilities:Bar:Members:Els   70.00 EUR
  Assets:Cash:Bar              -70.00 EUR

2020-10-03 txn "Yvan bought 2 items for €2.10"
  timestamp: "2020-10-03 14:55:46.148206"
  type: "purchase"
  Assets:Inventory:Bar             -1 ICETEA
  Liabilities:Bar:Members:Yvan      1 ICETEA
  Assets:Inventory:Bar             -1 BOUNTY
  Liabilities:Bar:Members:Yvan      1 BOUNTY
  Liabilities:Bar:Members:Yvan   2.10 EUR   
  Income:Bar                    -2.10 EUR   

2020-10-03 txn "Yvan bought 2 items for €2.10"
  timestamp: "2020-10-03 17:22:30.017662"
  type: "purchase"
  Assets:Inventory:Bar             -1 ICETEA  
  Liabilities:Bar:Members:Yvan      1 ICETEA  
  Assets:Inventory:Bar             -1 SNICKERS
  Liabilities:Bar:Members:Yvan      1 SNICKERS
  Liabilities:Bar:Members:Yvan   2.10 EUR     
  Income:Bar                    -2.10 EUR     

2020-10-03 txn "TQ bought 1 items for €2.00"
  timestamp: "2020-10-03 17:25:00.078754"
  type: "purchase"
  Assets:Inventory:Bar                -1 FLORA
  Liabilities:Bar:Members:Thequux      1 FLORA
  Liabilities:Bar:Members:Thequux   2.00 EUR  
  Income:Bar                       -2.00 EUR  

2020-10-03 txn "Sander bought 1 items for €1.50"
  timestamp: "2020-10-03 18:31:02.077155"
  type: "purchase"
  Assets:Inventory:Bar               -1 COKE
  Liabilities:Bar:Members:Sander      1 COKE
  Liabilities:Bar:Members:Sander   1.50 EUR 
  Income:Bar                      -1.50 EUR 

2020-10-03 txn "Yvan bought 1 items for €1.50"
  timestamp: "2020-10-03 19:07:13.546681"
  type: "purchase"
  Assets:Inventory:Bar             -1 ICETEA
  Liabilities:Bar:Members:Yvan      1 ICETEA
  Liabilities:Bar:Members:Yvan   1.50 EUR   
  Income:Bar                    -1.50 EUR   

2020-10-04 txn "Yvan bought 1 items for €1.50"
  timestamp: "2020-10-04 11:33:37.577338"
  type: "purchase"
  Assets:Inventory:Bar             -1 ICETEA
  Liabilities:Bar:Members:Yvan      1 ICETEA
  Liabilities:Bar:Members:Yvan   1.50 EUR   
  Income:Bar                    -1.50 EUR   

2020-10-04 txn "Els bought 1 items for €2.00"
  timestamp: "2020-10-04 11:33:42.232805"
  type: "purchase"
  Assets:Inventory:Bar            -1 FLORA
  Liabilities:Bar:Members:Els      1 FLORA
  Liabilities:Bar:Members:Els   2.00 EUR  
  Income:Bar                   -2.00 EUR  

2020-10-04 txn "Els bought 4 items for €2.40"
  timestamp: "2020-10-04 13:18:18.545778"
  type: "purchase"
  Assets:Inventory:Bar            -2 CHIP    
  Liabilities:Bar:Members:Els      2 CHIP    
  Assets:Inventory:Bar            -1 MARS    
  Liabilities:Bar:Members:Els      1 MARS    
  Assets:Inventory:Bar            -1 SNICKERS
  Liabilities:Bar:Members:Els      1 SNICKERS
  Liabilities:Bar:Members:Els   2.40 EUR     
  Income:Bar                   -2.40 EUR     

2020-10-04 txn "Merlijn bought 2 items for €2.10"
  timestamp: "2020-10-04 13:27:13.577977"
  type: "purchase"
  Assets:Inventory:Bar                -1 ICETEA
  Liabilities:Bar:Members:Merlijn      1 ICETEA
  Assets:Inventory:Bar                -1 MNM   
  Liabilities:Bar:Members:Merlijn      1 MNM   
  Liabilities:Bar:Members:Merlijn   2.10 EUR   
  Income:Bar                       -2.10 EUR   

2020-10-04 txn "Yvan bought 2 items for €2.10"
  timestamp: "2020-10-04 13:32:01.890625"
  type: "purchase"
  Assets:Inventory:Bar             -1 BOUNTY
  Liabilities:Bar:Members:Yvan      1 BOUNTY
  Assets:Inventory:Bar             -1 ICETEA
  Liabilities:Bar:Members:Yvan      1 ICETEA
  Liabilities:Bar:Members:Yvan   2.10 EUR   
  Income:Bar                    -2.10 EUR   

2020-10-04 txn "Els bought 1 items for €1.50"
  timestamp: "2020-10-04 14:00:58.939113"
  type: "purchase"
  Assets:Inventory:Bar            -1 ICETEA
  Liabilities:Bar:Members:Els      1 ICETEA
  Liabilities:Bar:Members:Els   1.50 EUR   
  Income:Bar                   -1.50 EUR   

2020-10-04 txn "TQ bought 3 items for €3.20"
  timestamp: "2020-10-04 14:43:45.379655"
  type: "purchase"
  Assets:Inventory:Bar                -1 FLORA   
  Liabilities:Bar:Members:Thequux      1 FLORA   
  Assets:Inventory:Bar                -2 SNICKERS
  Liabilities:Bar:Members:Thequux      2 SNICKERS
  Liabilities:Bar:Members:Thequux   3.20 EUR     
  Income:Bar                       -3.20 EUR     

2020-10-04 txn "Merlijn bought 1 items for €0.60"
  timestamp: "2020-10-04 14:46:52.628238"
  type: "purchase"
  Assets:Inventory:Bar                -1 BOUNTY
  Liabilities:Bar:Members:Merlijn      1 BOUNTY
  Liabilities:Bar:Members:Merlijn   0.60 EUR   
  Income:Bar                       -0.60 EUR   

2020-10-04 txn "Yvan bought 2 items for €2.10"
  timestamp: "2020-10-04 16:03:45.183790"
  type: "purchase"
  Assets:Inventory:Bar             -1 ICETEA
  Liabilities:Bar:Members:Yvan      1 ICETEA
  Assets:Inventory:Bar             -1 CHIP  
  Liabilities:Bar:Members:Yvan      1 CHIP  
  Liabilities:Bar:Members:Yvan   2.10 EUR   
  Income:Bar                    -2.10 EUR   

2020-10-04 txn "TQ bought 2 items for €1.20"
  timestamp: "2020-10-04 22:25:40.163867"
  type: "purchase"
  Assets:Inventory:Bar                -1 BOUNTY
  Liabilities:Bar:Members:Thequux      1 BOUNTY
  Assets:Inventory:Bar                -1 MARS  
  Liabilities:Bar:Members:Thequux      1 MARS  
  Liabilities:Bar:Members:Thequux   1.20 EUR   
  Income:Bar                       -1.20 EUR   

2020-10-05 txn "Yvan bought 1 items for €1.50"
  timestamp: "2020-10-05 07:37:16.628920"
  type: "purchase"
  Assets:Inventory:Bar             -1 ICETEA
  Liabilities:Bar:Members:Yvan      1 ICETEA
  Liabilities:Bar:Members:Yvan   1.50 EUR   
  Income:Bar                    -1.50 EUR   

2020-10-05 txn "TQ bought 2 items for €2.60"
  timestamp: "2020-10-05 10:22:23.823738"
  type: "purchase"
  Assets:Inventory:Bar                -1 FLORA
  Liabilities:Bar:Members:Thequux      1 FLORA
  Assets:Inventory:Bar                -1 CHIP 
  Liabilities:Bar:Members:Thequux      1 CHIP 
  Liabilities:Bar:Members:Thequux   2.60 EUR  
  Income:Bar                       -2.60 EUR  

2020-10-05 txn "Lisa bought 1 items for €1.50"
  timestamp: "2020-10-05 11:16:58.301309"
  type: "purchase"
  Assets:Inventory:Bar             -1 ICETEA
  Liabilities:Bar:Members:Lisa      1 ICETEA
  Liabilities:Bar:Members:Lisa   1.50 EUR   
  Income:Bar                    -1.50 EUR   

2020-10-05 txn "Yvan bought 2 items for €2.10"
  timestamp: "2020-10-05 15:02:39.430624"
  type: "purchase"
  Assets:Inventory:Bar             -1 ICETEA
  Liabilities:Bar:Members:Yvan      1 ICETEA
  Assets:Inventory:Bar             -1 CHIP  
  Liabilities:Bar:Members:Yvan      1 CHIP  
  Liabilities:Bar:Members:Yvan   2.10 EUR   
  Income:Bar                    -2.10 EUR   

2020-10-05 txn "Yvan bought 1 items for €1.50"
  timestamp: "2020-10-05 18:34:58.637833"
  type: "purchase"
  Assets:Inventory:Bar             -1 ICETEA
  Liabilities:Bar:Members:Yvan      1 ICETEA
  Liabilities:Bar:Members:Yvan   1.50 EUR   
  Income:Bar                    -1.50 EUR   

2020-10-05 txn "Lisa bought 1 items for €0.60"
  timestamp: "2020-10-05 19:26:59.817137"
  type: "purchase"
  Assets:Inventory:Bar             -1 SNICKERS
  Liabilities:Bar:Members:Lisa      1 SNICKERS
  Liabilities:Bar:Members:Lisa   0.60 EUR     
  Income:Bar                    -0.60 EUR     

2020-10-06 txn "TQ bought 1 items for €2.00"
  timestamp: "2020-10-06 09:46:28.844555"
  type: "purchase"
  Assets:Inventory:Bar                -1 FLORA
  Liabilities:Bar:Members:Thequux      1 FLORA
  Liabilities:Bar:Members:Thequux   2.00 EUR  
  Income:Bar                       -2.00 EUR  

2020-10-06 txn "Yvan bought 1 items for €1.50"
  timestamp: "2020-10-06 12:14:41.215377"
  type: "purchase"
  Assets:Inventory:Bar             -1 ICETEA
  Liabilities:Bar:Members:Yvan      1 ICETEA
  Liabilities:Bar:Members:Yvan   1.50 EUR   
  Income:Bar                    -1.50 EUR   

2020-10-06 txn "TQ bought 1 items for €0.60"
  timestamp: "2020-10-06 15:31:48.858694"
  type: "purchase"
  Assets:Inventory:Bar                -1 MARS
  Liabilities:Bar:Members:Thequux      1 MARS
  Liabilities:Bar:Members:Thequux   0.60 EUR 
  Income:Bar                       -0.60 EUR 

2020-10-06 txn "--CASH-- bought 1 items for €1.50"
  timestamp: "2020-10-06 16:35:55.686731"
  type: "purchase"
  Assets:Inventory:Bar     -1 COKE
  Assets:Cash:Bar           1 COKE
  Assets:Cash:Bar        1.50 EUR 
  Income:Bar            -1.50 EUR 

2020-10-06 txn "Yvan bought 1 items for €1.50"
  timestamp: "2020-10-06 16:49:57.595413"
  type: "purchase"
  Assets:Inventory:Bar             -1 ICETEA
  Liabilities:Bar:Members:Yvan      1 ICETEA
  Liabilities:Bar:Members:Yvan   1.50 EUR   
  Income:Bar                    -1.50 EUR   

2020-10-06 txn "Sander bought 1 items for €1.50"
  timestamp: "2020-10-06 17:16:48.835665"
  type: "purchase"
  Assets:Inventory:Bar               -1 COKE
  Liabilities:Bar:Members:Sander      1 COKE
  Liabilities:Bar:Members:Sander   1.50 EUR 
  Income:Bar                      -1.50 EUR 

2020-10-06 txn "qwaxys bought 1 items for €1.50"
  timestamp: "2020-10-06 17:21:29.562959"
  type: "purchase"
  Assets:Inventory:Bar             -1 COKE
  Liabilities:Bar:Members:Bart      1 COKE
  Liabilities:Bar:Members:Bart   1.50 EUR 
  Income:Bar                    -1.50 EUR 

2020-10-06 txn "Sander bought 1 items for €1.50"
  timestamp: "2020-10-06 19:58:50.329977"
  type: "purchase"
  Assets:Inventory:Bar               -1 COKE
  Liabilities:Bar:Members:Sander      1 COKE
  Liabilities:Bar:Members:Sander   1.50 EUR 
  Income:Bar                      -1.50 EUR 

2020-10-06 txn "TQ bought 3 items for €1.80"
  timestamp: "2020-10-06 22:51:54.823502"
  type: "purchase"
  Assets:Inventory:Bar                -3 SNICKERS
  Liabilities:Bar:Members:Thequux      3 SNICKERS
  Liabilities:Bar:Members:Thequux   1.80 EUR     
  Income:Bar                       -1.80 EUR     

2020-10-07 txn "Yvan bought 1 items for €1.50"
  timestamp: "2020-10-07 08:50:22.781813"
  type: "purchase"
  Assets:Inventory:Bar             -1 ICETEA
  Liabilities:Bar:Members:Yvan      1 ICETEA
  Liabilities:Bar:Members:Yvan   1.50 EUR   
  Income:Bar                    -1.50 EUR   

2020-10-07 txn "Els bought 2 items for €2.10"
  timestamp: "2020-10-07 13:13:23.790600"
  type: "purchase"
  Assets:Inventory:Bar            -1 COKE    
  Liabilities:Bar:Members:Els      1 COKE    
  Assets:Inventory:Bar            -1 SNICKERS
  Liabilities:Bar:Members:Els      1 SNICKERS
  Liabilities:Bar:Members:Els   2.10 EUR     
  Income:Bar                   -2.10 EUR     

2020-10-07 txn "Els bought 1 items for €0.60"
  timestamp: "2020-10-07 13:40:07.303524"
  type: "purchase"
  Assets:Inventory:Bar            -1 CHIP
  Liabilities:Bar:Members:Els      1 CHIP
  Liabilities:Bar:Members:Els   0.60 EUR 
  Income:Bar                   -0.60 EUR 

2020-10-07 txn "TQ bought 1 items for €2.00"
  timestamp: "2020-10-07 13:40:11.396913"
  type: "purchase"
  Assets:Inventory:Bar                -1 FLORA
  Liabilities:Bar:Members:Thequux      1 FLORA
  Liabilities:Bar:Members:Thequux   2.00 EUR  
  Income:Bar                       -2.00 EUR  

2020-10-07 txn "qwaxys bought 1 items for €1.50"
  timestamp: "2020-10-07 13:40:15.633240"
  type: "purchase"
  Assets:Inventory:Bar             -1 COKE
  Liabilities:Bar:Members:Bart      1 COKE
  Liabilities:Bar:Members:Bart   1.50 EUR 
  Income:Bar                    -1.50 EUR 

2020-10-07 txn "qwaxys bought 1 items for €0.60"
  timestamp: "2020-10-07 14:37:13.194545"
  type: "purchase"
  Assets:Inventory:Bar             -1 MARS
  Liabilities:Bar:Members:Bart      1 MARS
  Liabilities:Bar:Members:Bart   0.60 EUR 
  Income:Bar                    -0.60 EUR 

2020-10-07 txn "Els bought 2 items for €2.10"
  timestamp: "2020-10-07 15:23:09.831743"
  type: "purchase"
  Assets:Inventory:Bar            -1 ICETEA
  Liabilities:Bar:Members:Els      1 ICETEA
  Assets:Inventory:Bar            -1 MARS  
  Liabilities:Bar:Members:Els      1 MARS  
  Liabilities:Bar:Members:Els   2.10 EUR   
  Income:Bar                   -2.10 EUR   

2020-10-07 txn "TQ bought 1 items for €2.00"
  timestamp: "2020-10-07 15:36:28.658103"
  type: "purchase"
  Assets:Inventory:Bar                -1 FLORA
  Liabilities:Bar:Members:Thequux      1 FLORA
  Liabilities:Bar:Members:Thequux   2.00 EUR  
  Income:Bar                       -2.00 EUR  

2020-10-07 txn "Els bought 1 items for €1.50"
  timestamp: "2020-10-07 18:17:02.441197"
  type: "purchase"
  Assets:Inventory:Bar            -1 ICETEA
  Liabilities:Bar:Members:Els      1 ICETEA
  Liabilities:Bar:Members:Els   1.50 EUR   
  Income:Bar                   -1.50 EUR   

2020-10-07 txn "Yvan bought 1 items for €1.50"
  timestamp: "2020-10-07 18:17:06.876606"
  type: "purchase"
  Assets:Inventory:Bar             -1 ICETEA
  Liabilities:Bar:Members:Yvan      1 ICETEA
  Liabilities:Bar:Members:Yvan   1.50 EUR   
  Income:Bar                    -1.50 EUR   

2020-10-07 txn "TQ bought 1 items for €2.00"
  timestamp: "2020-10-07 18:17:11.142742"
  type: "purchase"
  Assets:Inventory:Bar                -1 CM 
  Liabilities:Bar:Members:Thequux      1 CM 
  Liabilities:Bar:Members:Thequux   2.00 EUR
  Income:Bar                       -2.00 EUR

2020-10-08 txn "Els bought 1 items for €1.50"
  timestamp: "2020-10-08 05:19:48.536569"
  type: "purchase"
  Assets:Inventory:Bar            -1 COKE
  Liabilities:Bar:Members:Els      1 COKE
  Liabilities:Bar:Members:Els   1.50 EUR 
  Income:Bar                   -1.50 EUR 

2020-10-08 txn "Els gave TQ a gift of €16.50"
  timestamp: "2020-10-08 05:20:12.570613"
  type: "transfer"
  Liabilities:Bar:Members:Els       16.50 EUR
  Liabilities:Bar:Members:Thequux  -16.50 EUR

2020-10-08 txn "Els bought 1 items for €0.60"
  timestamp: "2020-10-08 06:09:27.111638"
  type: "purchase"
  Assets:Inventory:Bar            -1 MNM
  Liabilities:Bar:Members:Els      1 MNM
  Liabilities:Bar:Members:Els   0.60 EUR
  Income:Bar                   -0.60 EUR

2020-10-08 txn "Els bought 1 items for €1.50"
  timestamp: "2020-10-08 07:01:06.713773"
  type: "purchase"
  Assets:Inventory:Bar            -1 ICETEA
  Liabilities:Bar:Members:Els      1 ICETEA
  Liabilities:Bar:Members:Els   1.50 EUR   
  Income:Bar                   -1.50 EUR   

2020-10-08 txn "Els bought 1 items for €2.00"
  timestamp: "2020-10-08 08:12:44.730376"
  type: "purchase"
  Assets:Inventory:Bar            -1 FLORA
  Liabilities:Bar:Members:Els      1 FLORA
  Liabilities:Bar:Members:Els   2.00 EUR  
  Income:Bar                   -2.00 EUR  

2020-10-08 txn "Els bought 1 items for €2.00"
  timestamp: "2020-10-08 09:08:49.375096"
  type: "purchase"
  Assets:Inventory:Bar            -1 CM 
  Liabilities:Bar:Members:Els      1 CM 
  Liabilities:Bar:Members:Els   2.00 EUR
  Income:Bar                   -2.00 EUR

2020-10-08 txn "Yvan bought 1 items for €1.50"
  timestamp: "2020-10-08 11:24:42.854041"
  type: "purchase"
  Assets:Inventory:Bar             -1 ICETEA
  Liabilities:Bar:Members:Yvan      1 ICETEA
  Liabilities:Bar:Members:Yvan   1.50 EUR   
  Income:Bar                    -1.50 EUR   

2020-10-08 txn "TQ bought 1 items for €2.00"
  timestamp: "2020-10-08 11:27:10.685430"
  type: "purchase"
  Assets:Inventory:Bar                -1 FLORA
  Liabilities:Bar:Members:Thequux      1 FLORA
  Liabilities:Bar:Members:Thequux   2.00 EUR  
  Income:Bar                       -2.00 EUR  

2020-10-08 txn "Miker bought 2 items for €4.00"
  timestamp: "2020-10-08 12:54:50.383781"
  type: "purchase"
  Assets:Inventory:Bar              -2 CM 
  Liabilities:Bar:Members:Miker      2 CM 
  Liabilities:Bar:Members:Miker   4.00 EUR
  Income:Bar                     -4.00 EUR

2020-10-08 txn "TQ bought 1 items for €0.60"
  timestamp: "2020-10-08 13:20:20.957750"
  type: "purchase"
  Assets:Inventory:Bar                -1 SNICKERS
  Liabilities:Bar:Members:Thequux      1 SNICKERS
  Liabilities:Bar:Members:Thequux   0.60 EUR     
  Income:Bar                       -0.60 EUR     

2020-10-08 txn "Yvan bought 1 items for €0.60"
  timestamp: "2020-10-08 13:53:12.987656"
  type: "purchase"
  Assets:Inventory:Bar             -1 CHIP
  Liabilities:Bar:Members:Yvan      1 CHIP
  Liabilities:Bar:Members:Yvan   0.60 EUR 
  Income:Bar                    -0.60 EUR 

2020-10-08 txn "Yvan bought 1 items for €1.50"
  timestamp: "2020-10-08 15:52:24.723411"
  type: "purchase"
  Assets:Inventory:Bar             -1 ICETEA
  Liabilities:Bar:Members:Yvan      1 ICETEA
  Liabilities:Bar:Members:Yvan   1.50 EUR   
  Income:Bar                    -1.50 EUR   

2020-10-08 txn "Carro​armato0 bought 3 items for €3.20"
  timestamp: "2020-10-08 16:00:58.703546"
  type: "purchase"
  Assets:Inventory:Bar                     -1 FLORA   
  Liabilities:Bar:Members:Carroarmato0      1 FLORA   
  Assets:Inventory:Bar                     -1 SNICKERS
  Liabilities:Bar:Members:Carroarmato0      1 SNICKERS
  Assets:Inventory:Bar                     -1 BOUNTY  
  Liabilities:Bar:Members:Carroarmato0      1 BOUNTY  
  Liabilities:Bar:Members:Carroarmato0   3.20 EUR     
  Income:Bar                            -3.20 EUR     

2020-10-08 txn "Merlijn bought 1 items for €1.50"
  timestamp: "2020-10-08 16:30:21.511406"
  type: "purchase"
  Assets:Inventory:Bar                -1 ICETEA
  Liabilities:Bar:Members:Merlijn      1 ICETEA
  Liabilities:Bar:Members:Merlijn   1.50 EUR   
  Income:Bar                       -1.50 EUR   

2020-10-08 txn "--CASH-- bought 1 items for €2.00"
  timestamp: "2020-10-08 18:15:23.747398"
  type: "purchase"
  Assets:Inventory:Bar     -1 CM 
  Assets:Cash:Bar           1 CM 
  Assets:Cash:Bar        2.00 EUR
  Income:Bar            -2.00 EUR

2020-10-08 txn "Merlijn bought 2 items for €2.60"
  timestamp: "2020-10-08 19:52:20.559749"
  type: "purchase"
  Assets:Inventory:Bar                -1 FLORA
  Liabilities:Bar:Members:Merlijn      1 FLORA
  Assets:Inventory:Bar                -1 MNM  
  Liabilities:Bar:Members:Merlijn      1 MNM  
  Liabilities:Bar:Members:Merlijn   2.60 EUR  
  Income:Bar                       -2.60 EUR  

2020-10-08 txn "Yvan bought 2 items for €2.10"
  timestamp: "2020-10-08 20:40:07.765718"
  type: "purchase"
  Assets:Inventory:Bar             -1 COKE_ZERO
  Liabilities:Bar:Members:Yvan      1 COKE_ZERO
  Assets:Inventory:Bar             -1 BOUNTY   
  Liabilities:Bar:Members:Yvan      1 BOUNTY   
  Liabilities:Bar:Members:Yvan   2.10 EUR      
  Income:Bar                    -2.10 EUR      

2020-10-09 txn "Yvan bought 1 items for €1.50"
  timestamp: "2020-10-09 09:38:11.755401"
  type: "purchase"
  Assets:Inventory:Bar             -1 COKE_ZERO
  Liabilities:Bar:Members:Yvan      1 COKE_ZERO
  Liabilities:Bar:Members:Yvan   1.50 EUR      
  Income:Bar                    -1.50 EUR      

2020-10-09 txn "TQ bought 1 items for €1.50"
  timestamp: "2020-10-09 11:27:28.374929"
  type: "purchase"
  Assets:Inventory:Bar                -1 ICETEA
  Liabilities:Bar:Members:Thequux      1 ICETEA
  Liabilities:Bar:Members:Thequux   1.50 EUR   
  Income:Bar                       -1.50 EUR   

2020-10-09 txn "Yvan bought 1 items for €1.50"
  timestamp: "2020-10-09 13:19:50.215391"
  type: "purchase"
  Assets:Inventory:Bar             -1 ICETEA
  Liabilities:Bar:Members:Yvan      1 ICETEA
  Liabilities:Bar:Members:Yvan   1.50 EUR   
  Income:Bar                    -1.50 EUR   

2020-10-09 txn "TQ bought 2 items for €1.20"
  timestamp: "2020-10-09 13:19:59.799604"
  type: "purchase"
  Assets:Inventory:Bar                -1 SNICKERS
  Liabilities:Bar:Members:Thequux      1 SNICKERS
  Assets:Inventory:Bar                -1 CHIP    
  Liabilities:Bar:Members:Thequux      1 CHIP    
  Liabilities:Bar:Members:Thequux   1.20 EUR     
  Income:Bar                       -1.20 EUR     

2020-10-09 txn "Miker bought 3 items for €4.10"
  timestamp: "2020-10-09 14:00:31.388971"
  type: "purchase"
  Assets:Inventory:Bar              -1 CM  
  Liabilities:Bar:Members:Miker      1 CM  
  Assets:Inventory:Bar              -1 COKE
  Liabilities:Bar:Members:Miker      1 COKE
  Assets:Inventory:Bar              -1 MARS
  Liabilities:Bar:Members:Miker      1 MARS
  Liabilities:Bar:Members:Miker   4.10 EUR 
  Income:Bar                     -4.10 EUR 

2020-10-09 txn "Sander bought 1 items for €0.60"
  timestamp: "2020-10-09 15:14:33.383399"
  type: "purchase"
  Assets:Inventory:Bar               -1 BOUNTY
  Liabilities:Bar:Members:Sander      1 BOUNTY
  Liabilities:Bar:Members:Sander   0.60 EUR   
  Income:Bar                      -0.60 EUR   

2020-10-09 txn "Yvan bought 1 items for €1.50"
  timestamp: "2020-10-09 15:17:29.395423"
  type: "purchase"
  Assets:Inventory:Bar             -1 ICETEA
  Liabilities:Bar:Members:Yvan      1 ICETEA
  Liabilities:Bar:Members:Yvan   1.50 EUR   
  Income:Bar                    -1.50 EUR   

2020-10-09 txn "Sander bought 1 items for €0.60"
  timestamp: "2020-10-09 16:45:33.274188"
  type: "purchase"
  Assets:Inventory:Bar               -1 BOUNTY
  Liabilities:Bar:Members:Sander      1 BOUNTY
  Liabilities:Bar:Members:Sander   0.60 EUR   
  Income:Bar                      -0.60 EUR   

2020-10-09 txn "Sander bought 1 items for €0.60"
  timestamp: "2020-10-09 17:43:37.878504"
  type: "purchase"
  Assets:Inventory:Bar               -1 CHIP
  Liabilities:Bar:Members:Sander      1 CHIP
  Liabilities:Bar:Members:Sander   0.60 EUR 
  Income:Bar                      -0.60 EUR 

2020-10-09 txn "Sander gave Yvan a gift of €4.50"
  timestamp: "2020-10-09 18:57:27.958689"
  type: "transfer"
  Liabilities:Bar:Members:Sander   4.50 EUR
  Liabilities:Bar:Members:Yvan    -4.50 EUR

2020-10-09 txn "Sander bought 2 items for €3.00"
  timestamp: "2020-10-09 18:57:39.671667"
  type: "purchase"
  Assets:Inventory:Bar               -1 COKE  
  Liabilities:Bar:Members:Sander      1 COKE  
  Assets:Inventory:Bar               -1 ICETEA
  Liabilities:Bar:Members:Sander      1 ICETEA
  Liabilities:Bar:Members:Sander   3.00 EUR   
  Income:Bar                      -3.00 EUR   

2020-10-10 txn "Sander bought 1 items for €1.50"
  timestamp: "2020-10-10 11:00:26.847037"
  type: "purchase"
  Assets:Inventory:Bar               -1 COKE
  Liabilities:Bar:Members:Sander      1 COKE
  Liabilities:Bar:Members:Sander   1.50 EUR 
  Income:Bar                      -1.50 EUR 

2020-10-10 txn "qwaxys bought 1 items for €1.50"
  timestamp: "2020-10-10 12:26:49.215409"
  type: "purchase"
  Assets:Inventory:Bar             -1 COKE
  Liabilities:Bar:Members:Bart      1 COKE
  Liabilities:Bar:Members:Bart   1.50 EUR 
  Income:Bar                    -1.50 EUR 

2020-10-10 txn "Yvan bought 1 items for €1.50"
  timestamp: "2020-10-10 16:00:12.413704"
  type: "purchase"
  Assets:Inventory:Bar             -1 ICETEA
  Liabilities:Bar:Members:Yvan      1 ICETEA
  Liabilities:Bar:Members:Yvan   1.50 EUR   
  Income:Bar                    -1.50 EUR   

2020-10-10 txn "Sander bought 1 items for €1.50"
  timestamp: "2020-10-10 18:13:33.759524"
  type: "purchase"
  Assets:Inventory:Bar               -1 COKE
  Liabilities:Bar:Members:Sander      1 COKE
  Liabilities:Bar:Members:Sander   1.50 EUR 
  Income:Bar                      -1.50 EUR 

2020-10-10 txn "TQ bought 1 items for €1.50"
  timestamp: "2020-10-10 20:01:23.510144"
  type: "purchase"
  Assets:Inventory:Bar                -1 COKE
  Liabilities:Bar:Members:Thequux      1 COKE
  Liabilities:Bar:Members:Thequux   1.50 EUR 
  Income:Bar                       -1.50 EUR 

2020-10-10 txn "Yvan bought 2 items for €2.10"
  timestamp: "2020-10-10 20:01:31.203609"
  type: "purchase"
  Assets:Inventory:Bar             -1 COKE
  Liabilities:Bar:Members:Yvan      1 COKE
  Assets:Inventory:Bar             -1 MARS
  Liabilities:Bar:Members:Yvan      1 MARS
  Liabilities:Bar:Members:Yvan   2.10 EUR 
  Income:Bar                    -2.10 EUR 

2020-10-10 txn "Yvan gave Sander a gift of €9.40"
  timestamp: "2020-10-10 20:02:05.997554"
  type: "transfer"
  Liabilities:Bar:Members:Yvan     9.40 EUR
  Liabilities:Bar:Members:Sander  -9.40 EUR

2020-10-10 txn "TQ bought 2 items for €2.10"
  timestamp: "2020-10-10 22:47:59.087744"
  type: "purchase"
  Assets:Inventory:Bar                -1 ICETEA  
  Liabilities:Bar:Members:Thequux      1 ICETEA  
  Assets:Inventory:Bar                -1 SNICKERS
  Liabilities:Bar:Members:Thequux      1 SNICKERS
  Liabilities:Bar:Members:Thequux   2.10 EUR     
  Income:Bar                       -2.10 EUR     

2020-10-11 txn "TQ bought 1 items for €2.00"
  timestamp: "2020-10-11 13:16:45.815623"
  type: "purchase"
  Assets:Inventory:Bar                -1 FLORA
  Liabilities:Bar:Members:Thequux      1 FLORA
  Liabilities:Bar:Members:Thequux   2.00 EUR  
  Income:Bar                       -2.00 EUR  

2020-10-11 txn "TQ bought 2 items for €1.20"
  timestamp: "2020-10-11 13:41:20.183763"
  type: "purchase"
  Assets:Inventory:Bar                -1 MARS
  Liabilities:Bar:Members:Thequux      1 MARS
  Assets:Inventory:Bar                -1 CHIP
  Liabilities:Bar:Members:Thequux      1 CHIP
  Liabilities:Bar:Members:Thequux   1.20 EUR 
  Income:Bar                       -1.20 EUR 

2020-10-11 txn "Yvan bought 1 items for €1.50"
  timestamp: "2020-10-11 16:39:28.593810"
  type: "purchase"
  Assets:Inventory:Bar             -1 ICETEA
  Liabilities:Bar:Members:Yvan      1 ICETEA
  Liabilities:Bar:Members:Yvan   1.50 EUR   
  Income:Bar                    -1.50 EUR   

2020-10-11 txn "TQ bought 1 items for €2.00"
  timestamp: "2020-10-11 19:46:45.110000"
  type: "purchase"
  Assets:Inventory:Bar                -1 FLORA
  Liabilities:Bar:Members:Thequux      1 FLORA
  Liabilities:Bar:Members:Thequux   2.00 EUR  
  Income:Bar                       -2.00 EUR  

2020-10-11 txn "Yvan bought 1 items for €1.50"
  timestamp: "2020-10-11 19:46:49.119750"
  type: "purchase"
  Assets:Inventory:Bar             -1 ICETEA
  Liabilities:Bar:Members:Yvan      1 ICETEA
  Liabilities:Bar:Members:Yvan   1.50 EUR   
  Income:Bar                    -1.50 EUR   

2020-10-11 txn "Yvan bought 1 items for €0.60"
  timestamp: "2020-10-11 21:45:58.171667"
  type: "purchase"
  Assets:Inventory:Bar             -1 MARS
  Liabilities:Bar:Members:Yvan      1 MARS
  Liabilities:Bar:Members:Yvan   0.60 EUR 
  Income:Bar                    -0.60 EUR 

2020-10-11 txn "TQ bought 2 items for €1.20"
  timestamp: "2020-10-11 23:17:28.858757"
  type: "purchase"
  Assets:Inventory:Bar                -1 MARS    
  Liabilities:Bar:Members:Thequux      1 MARS    
  Assets:Inventory:Bar                -1 SNICKERS
  Liabilities:Bar:Members:Thequux      1 SNICKERS
  Liabilities:Bar:Members:Thequux   1.20 EUR     
  Income:Bar                       -1.20 EUR     

2020-10-12 txn "Yvan bought 1 items for €1.50"
  timestamp: "2020-10-12 12:43:26.212850"
  type: "purchase"
  Assets:Inventory:Bar             -1 ICETEA
  Liabilities:Bar:Members:Yvan      1 ICETEA
  Liabilities:Bar:Members:Yvan   1.50 EUR   
  Income:Bar                    -1.50 EUR   

2020-10-12 txn "Lisa bought 1 items for €0.60"
  timestamp: "2020-10-12 14:11:52.606976"
  type: "purchase"
  Assets:Inventory:Bar             -1 SNICKERS
  Liabilities:Bar:Members:Lisa      1 SNICKERS
  Liabilities:Bar:Members:Lisa   0.60 EUR     
  Income:Bar                    -0.60 EUR     

2020-10-13 txn "Carro​armato0 bought 3 items for €3.20"
  timestamp: "2020-10-13 10:39:37.319084"
  type: "purchase"
  Assets:Inventory:Bar                     -1 FLORA   
  Liabilities:Bar:Members:Carroarmato0      1 FLORA   
  Assets:Inventory:Bar                     -1 CHIP    
  Liabilities:Bar:Members:Carroarmato0      1 CHIP    
  Assets:Inventory:Bar                     -1 SNICKERS
  Liabilities:Bar:Members:Carroarmato0      1 SNICKERS
  Liabilities:Bar:Members:Carroarmato0   3.20 EUR     
  Income:Bar                            -3.20 EUR     

2020-10-13 txn "Els bought 1 items for €0.60"
  timestamp: "2020-10-13 11:43:24.953601"
  type: "purchase"
  Assets:Inventory:Bar            -1 SNICKERS
  Liabilities:Bar:Members:Els      1 SNICKERS
  Liabilities:Bar:Members:Els   0.60 EUR     
  Income:Bar                   -0.60 EUR     

2020-10-13 txn "Els bought 3 items for €2.70"
  timestamp: "2020-10-13 13:39:38.941527"
  type: "purchase"
  Assets:Inventory:Bar            -1 ICETEA
  Liabilities:Bar:Members:Els      1 ICETEA
  Assets:Inventory:Bar            -2 CHIP  
  Liabilities:Bar:Members:Els      2 CHIP  
  Liabilities:Bar:Members:Els   2.70 EUR   
  Income:Bar                   -2.70 EUR   

2020-10-13 txn "Carro​armato0 bought 2 items for €1.20"
  timestamp: "2020-10-13 15:35:28.526421"
  type: "purchase"
  Assets:Inventory:Bar                     -1 SNICKERS
  Liabilities:Bar:Members:Carroarmato0      1 SNICKERS
  Assets:Inventory:Bar                     -1 BOUNTY  
  Liabilities:Bar:Members:Carroarmato0      1 BOUNTY  
  Liabilities:Bar:Members:Carroarmato0   1.20 EUR     
  Income:Bar                            -1.20 EUR     

2020-10-13 txn "Yvan bought 1 items for €1.50"
  timestamp: "2020-10-13 16:46:53.337773"
  type: "purchase"
  Assets:Inventory:Bar             -1 ICETEA
  Liabilities:Bar:Members:Yvan      1 ICETEA
  Liabilities:Bar:Members:Yvan   1.50 EUR   
  Income:Bar                    -1.50 EUR   

2020-10-13 txn "qwaxys bought 1 items for €1.50"
  timestamp: "2020-10-13 17:49:10.368258"
  type: "purchase"
  Assets:Inventory:Bar             -1 COKE
  Liabilities:Bar:Members:Bart      1 COKE
  Liabilities:Bar:Members:Bart   1.50 EUR 
  Income:Bar                    -1.50 EUR 

2020-10-13 txn "Carro​armato0 bought 1 items for €1.50"
  timestamp: "2020-10-13 17:49:14.714519"
  type: "purchase"
  Assets:Inventory:Bar                     -1 COKE
  Liabilities:Bar:Members:Carroarmato0      1 COKE
  Liabilities:Bar:Members:Carroarmato0   1.50 EUR 
  Income:Bar                            -1.50 EUR 

2020-10-13 txn "Sander bought 1 items for €1.50"
  timestamp: "2020-10-13 17:49:21.587602"
  type: "purchase"
  Assets:Inventory:Bar               -1 COKE
  Liabilities:Bar:Members:Sander      1 COKE
  Liabilities:Bar:Members:Sander   1.50 EUR 
  Income:Bar                      -1.50 EUR 

2020-10-13 txn "Sander bought 1 items for €1.50"
  timestamp: "2020-10-13 19:36:29.609060"
  type: "purchase"
  Assets:Inventory:Bar               -1 COKE
  Liabilities:Bar:Members:Sander      1 COKE
  Liabilities:Bar:Members:Sander   1.50 EUR 
  Income:Bar                      -1.50 EUR 

2020-10-14 txn "Yvan bought 1 items for €1.50"
  timestamp: "2020-10-14 13:44:51.046152"
  type: "purchase"
  Assets:Inventory:Bar             -1 ICETEA
  Liabilities:Bar:Members:Yvan      1 ICETEA
  Liabilities:Bar:Members:Yvan   1.50 EUR   
  Income:Bar                    -1.50 EUR   

2020-10-14 txn "Yvan gave Sander a gift of €10.00"
  timestamp: "2020-10-14 13:45:06.723204"
  type: "transfer"
  Liabilities:Bar:Members:Yvan     10.00 EUR
  Liabilities:Bar:Members:Sander  -10.00 EUR

2020-10-14 txn "Yvan deposited €30.00"
  timestamp: "2020-10-14 13:45:17.659576"
  type: "deposit"
  Liabilities:Bar:Members:Yvan  -30.00 EUR
  Assets:Cash:Bar                30.00 EUR

2020-10-14 txn "Sander bought 1 items for €1.50"
  timestamp: "2020-10-14 17:33:50.435092"
  type: "purchase"
  Assets:Inventory:Bar               -1 COKE
  Liabilities:Bar:Members:Sander      1 COKE
  Liabilities:Bar:Members:Sander   1.50 EUR 
  Income:Bar                      -1.50 EUR 

2020-10-15 txn "TQ bought 2 items for €2.60"
  timestamp: "2020-10-15 10:44:39.303852"
  type: "purchase"
  Assets:Inventory:Bar                -1 FLORA
  Liabilities:Bar:Members:Thequux      1 FLORA
  Assets:Inventory:Bar                -1 MARS 
  Liabilities:Bar:Members:Thequux      1 MARS 
  Liabilities:Bar:Members:Thequux   2.60 EUR  
  Income:Bar                       -2.60 EUR  

2020-10-15 txn "Yvan bought 1 items for €1.50"
  timestamp: "2020-10-15 12:39:22.888612"
  type: "purchase"
  Assets:Inventory:Bar             -1 ICETEA
  Liabilities:Bar:Members:Yvan      1 ICETEA
  Liabilities:Bar:Members:Yvan   1.50 EUR   
  Income:Bar                    -1.50 EUR   

2020-10-15 txn "Yvan bought 1 items for €1.50"
  timestamp: "2020-10-15 14:41:24.187359"
  type: "purchase"
  Assets:Inventory:Bar             -1 ICETEA
  Liabilities:Bar:Members:Yvan      1 ICETEA
  Liabilities:Bar:Members:Yvan   1.50 EUR   
  Income:Bar                    -1.50 EUR   

2020-10-15 txn "TQ bought 1 items for €0.60"
  timestamp: "2020-10-15 15:49:28.809605"
  type: "purchase"
  Assets:Inventory:Bar                -1 MARS
  Liabilities:Bar:Members:Thequux      1 MARS
  Liabilities:Bar:Members:Thequux   0.60 EUR 
  Income:Bar                       -0.60 EUR 

2020-10-15 txn "TQ bought 1 items for €1.50"
  timestamp: "2020-10-15 20:17:04.698142"
  type: "purchase"
  Assets:Inventory:Bar                -1 JUPILER
  Liabilities:Bar:Members:Thequux      1 JUPILER
  Liabilities:Bar:Members:Thequux   1.50 EUR    
  Income:Bar                       -1.50 EUR    

2020-10-16 txn "TQ bought 1 items for €2.00"
  timestamp: "2020-10-16 09:46:01.019108"
  type: "purchase"
  Assets:Inventory:Bar                -1 FLORA
  Liabilities:Bar:Members:Thequux      1 FLORA
  Liabilities:Bar:Members:Thequux   2.00 EUR  
  Income:Bar                       -2.00 EUR  

2020-10-16 txn "TQ bought 1 items for €0.60"
  timestamp: "2020-10-16 09:46:08.587600"
  type: "purchase"
  Assets:Inventory:Bar                -1 MARS
  Liabilities:Bar:Members:Thequux      1 MARS
  Liabilities:Bar:Members:Thequux   0.60 EUR 
  Income:Bar                       -0.60 EUR 

2020-10-16 txn "Miker bought 3 items for €3.20"
  timestamp: "2020-10-16 12:50:30.691491"
  type: "purchase"
  Assets:Inventory:Bar              -1 CM      
  Liabilities:Bar:Members:Miker      1 CM      
  Assets:Inventory:Bar              -1 MARS    
  Liabilities:Bar:Members:Miker      1 MARS    
  Assets:Inventory:Bar              -1 SNICKERS
  Liabilities:Bar:Members:Miker      1 SNICKERS
  Liabilities:Bar:Members:Miker   3.20 EUR     
  Income:Bar                     -3.20 EUR     

2020-10-16 txn "Yvan bought 1 items for €1.50"
  timestamp: "2020-10-16 12:57:06.430063"
  type: "purchase"
  Assets:Inventory:Bar             -1 ICETEA
  Liabilities:Bar:Members:Yvan      1 ICETEA
  Liabilities:Bar:Members:Yvan   1.50 EUR   
  Income:Bar                    -1.50 EUR   

2020-10-16 txn "TQ bought 2 items for €1.20"
  timestamp: "2020-10-16 12:57:47.887633"
  type: "purchase"
  Assets:Inventory:Bar                -1 MARS
  Liabilities:Bar:Members:Thequux      1 MARS
  Assets:Inventory:Bar                -1 CHIP
  Liabilities:Bar:Members:Thequux      1 CHIP
  Liabilities:Bar:Members:Thequux   1.20 EUR 
  Income:Bar                       -1.20 EUR 

2020-10-17 txn "TQ bought 1 items for €2.00"
  timestamp: "2020-10-17 11:07:27.723157"
  type: "purchase"
  Assets:Inventory:Bar                -1 FLORA
  Liabilities:Bar:Members:Thequux      1 FLORA
  Liabilities:Bar:Members:Thequux   2.00 EUR  
  Income:Bar                       -2.00 EUR  

2020-10-17 txn "Yvan bought 1 items for €1.50"
  timestamp: "2020-10-17 13:38:52.597467"
  type: "purchase"
  Assets:Inventory:Bar             -1 ICETEA
  Liabilities:Bar:Members:Yvan      1 ICETEA
  Liabilities:Bar:Members:Yvan   1.50 EUR   
  Income:Bar                    -1.50 EUR   

2020-10-17 txn "qwaxys bought 1 items for €0.60"
  timestamp: "2020-10-17 14:51:57.480747"
  type: "purchase"
  Assets:Inventory:Bar             -1 MARS
  Liabilities:Bar:Members:Bart      1 MARS
  Liabilities:Bar:Members:Bart   0.60 EUR 
  Income:Bar                    -0.60 EUR 

2020-10-17 txn "Evils gave TQ a gift of €19.06"
  timestamp: "2020-10-17 20:22:09.882937"
  type: "transfer"
  Liabilities:Bar:Members:Elvis     19.06 EUR
  Liabilities:Bar:Members:Thequux  -19.06 EUR

2020-10-18 txn "Lisa bought 1 items for €2.00"
  timestamp: "2020-10-18 10:19:03.097379"
  type: "purchase"
  Assets:Inventory:Bar             -1 FRITZ_ZERO
  Liabilities:Bar:Members:Lisa      1 FRITZ_ZERO
  Liabilities:Bar:Members:Lisa   2.00 EUR       
  Income:Bar                    -2.00 EUR       

2020-10-18 txn "qwaxys bought 1 items for €2.00"
  timestamp: "2020-10-18 10:27:35.048494"
  type: "purchase"
  Assets:Inventory:Bar             -1 FRITZ
  Liabilities:Bar:Members:Bart      1 FRITZ
  Liabilities:Bar:Members:Bart   2.00 EUR  
  Income:Bar                    -2.00 EUR  

2020-10-18 txn "TQ bought 1 items for €0.60"
  timestamp: "2020-10-18 14:53:49.377635"
  type: "purchase"
  Assets:Inventory:Bar                -1 MARS
  Liabilities:Bar:Members:Thequux      1 MARS
  Liabilities:Bar:Members:Thequux   0.60 EUR 
  Income:Bar                       -0.60 EUR 

2020-10-18 txn "TQ bought 1 items for €2.00"
  timestamp: "2020-10-18 14:54:10.383659"
  type: "purchase"
  Assets:Inventory:Bar                -1 FLORA
  Liabilities:Bar:Members:Thequux      1 FLORA
  Liabilities:Bar:Members:Thequux   2.00 EUR  
  Income:Bar                       -2.00 EUR  

2020-10-18 txn "Yvan bought 2 items for €2.10"
  timestamp: "2020-10-18 15:05:35.376241"
  type: "purchase"
  Assets:Inventory:Bar             -1 ICETEA
  Liabilities:Bar:Members:Yvan      1 ICETEA
  Assets:Inventory:Bar             -1 MARS  
  Liabilities:Bar:Members:Yvan      1 MARS  
  Liabilities:Bar:Members:Yvan   2.10 EUR   
  Income:Bar                    -2.10 EUR   

2020-10-18 txn "Yvan bought 1 items for €1.50"
  timestamp: "2020-10-18 17:48:59.369097"
  type: "purchase"
  Assets:Inventory:Bar             -1 ICETEA
  Liabilities:Bar:Members:Yvan      1 ICETEA
  Liabilities:Bar:Members:Yvan   1.50 EUR   
  Income:Bar                    -1.50 EUR   

2020-10-18 txn "TQ bought 1 items for €2.00"
  timestamp: "2020-10-18 18:55:30.370121"
  type: "purchase"
  Assets:Inventory:Bar                -1 FRITZ
  Liabilities:Bar:Members:Thequux      1 FRITZ
  Liabilities:Bar:Members:Thequux   2.00 EUR  
  Income:Bar                       -2.00 EUR  

2020-10-18 txn "Evils bought 1 items for €2.00"
  timestamp: "2020-10-18 21:23:12.214731"
  type: "purchase"
  Assets:Inventory:Bar              -1 FRITZ
  Liabilities:Bar:Members:Elvis      1 FRITZ
  Liabilities:Bar:Members:Elvis   2.00 EUR  
  Income:Bar                     -2.00 EUR  

2020-10-19 txn "TQ bought 1 items for €2.00"
  timestamp: "2020-10-19 09:04:13.470950"
  type: "purchase"
  Assets:Inventory:Bar                -1 FRITZ
  Liabilities:Bar:Members:Thequux      1 FRITZ
  Liabilities:Bar:Members:Thequux   2.00 EUR  
  Income:Bar                       -2.00 EUR  

2020-10-19 txn "TQ bought 2 items for €1.20"
  timestamp: "2020-10-19 11:35:19.040768"
  type: "purchase"
  Assets:Inventory:Bar                -1 MARS
  Liabilities:Bar:Members:Thequux      1 MARS
  Assets:Inventory:Bar                -1 CHIP
  Liabilities:Bar:Members:Thequux      1 CHIP
  Liabilities:Bar:Members:Thequux   1.20 EUR 
  Income:Bar                       -1.20 EUR 

2020-10-19 txn "Yvan bought 1 items for €2.00"
  timestamp: "2020-10-19 13:01:40.043386"
  type: "purchase"
  Assets:Inventory:Bar             -1 FRITZ
  Liabilities:Bar:Members:Yvan      1 FRITZ
  Liabilities:Bar:Members:Yvan   2.00 EUR  
  Income:Bar                    -2.00 EUR  

2020-10-19 txn "TQ bought 2 items for €2.60"
  timestamp: "2020-10-19 15:09:27.591409"
  type: "purchase"
  Assets:Inventory:Bar                -1 FRITZ
  Liabilities:Bar:Members:Thequux      1 FRITZ
  Assets:Inventory:Bar                -1 CHIP 
  Liabilities:Bar:Members:Thequux      1 CHIP 
  Liabilities:Bar:Members:Thequux   2.60 EUR  
  Income:Bar                       -2.60 EUR  

2020-10-19 txn "Yvan bought 2 items for €2.10"
  timestamp: "2020-10-19 16:12:46.403181"
  type: "purchase"
  Assets:Inventory:Bar             -1 CHIP  
  Liabilities:Bar:Members:Yvan      1 CHIP  
  Assets:Inventory:Bar             -1 ICETEA
  Liabilities:Bar:Members:Yvan      1 ICETEA
  Liabilities:Bar:Members:Yvan   2.10 EUR   
  Income:Bar                    -2.10 EUR   

2020-10-20 txn "TQ bought 2 items for €2.60"
  timestamp: "2020-10-20 09:40:43.479739"
  type: "purchase"
  Assets:Inventory:Bar                -1 FLORA
  Liabilities:Bar:Members:Thequux      1 FLORA
  Assets:Inventory:Bar                -1 CHIP 
  Liabilities:Bar:Members:Thequux      1 CHIP 
  Liabilities:Bar:Members:Thequux   2.60 EUR  
  Income:Bar                       -2.60 EUR  

2020-10-20 txn "Lisa bought 1 items for €2.00"
  timestamp: "2020-10-20 10:39:13.658060"
  type: "purchase"
  Assets:Inventory:Bar             -1 FRITZ
  Liabilities:Bar:Members:Lisa      1 FRITZ
  Liabilities:Bar:Members:Lisa   2.00 EUR  
  Income:Bar                    -2.00 EUR  

2020-10-20 txn "Yvan bought 2 items for €2.60"
  timestamp: "2020-10-20 16:38:02.557157"
  type: "purchase"
  Assets:Inventory:Bar             -1 FRITZ
  Liabilities:Bar:Members:Yvan      1 FRITZ
  Assets:Inventory:Bar             -1 MARS 
  Liabilities:Bar:Members:Yvan      1 MARS 
  Liabilities:Bar:Members:Yvan   2.60 EUR  
  Income:Bar                    -2.60 EUR  

2020-10-21 txn "Els bought 2 items for €2.60"
  timestamp: "2020-10-21 07:27:05.695079"
  type: "purchase"
  Assets:Inventory:Bar            -1 FLORA   
  Liabilities:Bar:Members:Els      1 FLORA   
  Assets:Inventory:Bar            -1 SNICKERS
  Liabilities:Bar:Members:Els      1 SNICKERS
  Liabilities:Bar:Members:Els   2.60 EUR     
  Income:Bar                   -2.60 EUR     

2020-10-21 txn "Els bought 1 items for €0.60"
  timestamp: "2020-10-21 08:23:22.287475"
  type: "purchase"
  Assets:Inventory:Bar            -1 CHIP
  Liabilities:Bar:Members:Els      1 CHIP
  Liabilities:Bar:Members:Els   0.60 EUR 
  Income:Bar                   -0.60 EUR 

2020-10-21 txn "Els bought 2 items for €2.60"
  timestamp: "2020-10-21 09:33:59.577693"
  type: "purchase"
  Assets:Inventory:Bar            -1 FRITZ   
  Liabilities:Bar:Members:Els      1 FRITZ   
  Assets:Inventory:Bar            -1 SNICKERS
  Liabilities:Bar:Members:Els      1 SNICKERS
  Liabilities:Bar:Members:Els   2.60 EUR     
  Income:Bar                   -2.60 EUR     

2020-10-21 txn "Yvan bought 2 items for €2.60"
  timestamp: "2020-10-21 10:12:38.334295"
  type: "purchase"
  Assets:Inventory:Bar             -1 FRITZ 
  Liabilities:Bar:Members:Yvan      1 FRITZ 
  Assets:Inventory:Bar             -1 BOUNTY
  Liabilities:Bar:Members:Yvan      1 BOUNTY
  Liabilities:Bar:Members:Yvan   2.60 EUR   
  Income:Bar                    -2.60 EUR   

2020-10-21 txn "TQ bought 1 items for €2.00"
  timestamp: "2020-10-21 10:35:31.038173"
  type: "purchase"
  Assets:Inventory:Bar                -1 FRITZ
  Liabilities:Bar:Members:Thequux      1 FRITZ
  Liabilities:Bar:Members:Thequux   2.00 EUR  
  Income:Bar                       -2.00 EUR  

2020-10-21 txn "Yvan bought 1 items for €1.50"
  timestamp: "2020-10-21 11:37:53.682691"
  type: "purchase"
  Assets:Inventory:Bar             -1 ICETEA
  Liabilities:Bar:Members:Yvan      1 ICETEA
  Liabilities:Bar:Members:Yvan   1.50 EUR   
  Income:Bar                    -1.50 EUR   

2020-10-21 txn "Sander bought 1 items for €2.00"
  timestamp: "2020-10-21 12:31:48.619782"
  type: "purchase"
  Assets:Inventory:Bar               -1 FRITZ
  Liabilities:Bar:Members:Sander      1 FRITZ
  Liabilities:Bar:Members:Sander   2.00 EUR  
  Income:Bar                      -2.00 EUR  

2020-10-21 txn "TQ bought 1 items for €2.00"
  timestamp: "2020-10-21 13:18:38.373671"
  type: "purchase"
  Assets:Inventory:Bar                -1 FLORA
  Liabilities:Bar:Members:Thequux      1 FLORA
  Liabilities:Bar:Members:Thequux   2.00 EUR  
  Income:Bar                       -2.00 EUR  

2020-10-21 txn "Yvan bought 1 items for €1.50"
  timestamp: "2020-10-21 15:08:50.486746"
  type: "purchase"
  Assets:Inventory:Bar             -1 ICETEA
  Liabilities:Bar:Members:Yvan      1 ICETEA
  Liabilities:Bar:Members:Yvan   1.50 EUR   
  Income:Bar                    -1.50 EUR   

2020-10-21 txn "Carro​armato0 bought 1 items for €2.00"
  timestamp: "2020-10-21 16:21:14.463645"
  type: "purchase"
  Assets:Inventory:Bar                     -1 FLORA
  Liabilities:Bar:Members:Carroarmato0      1 FLORA
  Liabilities:Bar:Members:Carroarmato0   2.00 EUR  
  Income:Bar                            -2.00 EUR  

2020-10-21 txn "Sander bought 1 items for €1.50"
  timestamp: "2020-10-21 17:06:54.525042"
  type: "purchase"
  Assets:Inventory:Bar               -1 COKE
  Liabilities:Bar:Members:Sander      1 COKE
  Liabilities:Bar:Members:Sander   1.50 EUR 
  Income:Bar                      -1.50 EUR 

2020-10-21 txn "Yvan bought 1 items for €1.50"
  timestamp: "2020-10-21 17:49:34.375209"
  type: "purchase"
  Assets:Inventory:Bar             -1 ICETEA
  Liabilities:Bar:Members:Yvan      1 ICETEA
  Liabilities:Bar:Members:Yvan   1.50 EUR   
  Income:Bar                    -1.50 EUR   

2020-10-21 txn "Carro​armato0 bought 2 items for €2.60"
  timestamp: "2020-10-21 17:53:50.228469"
  type: "purchase"
  Assets:Inventory:Bar                     -1 FRITZ 
  Liabilities:Bar:Members:Carroarmato0      1 FRITZ 
  Assets:Inventory:Bar                     -1 BOUNTY
  Liabilities:Bar:Members:Carroarmato0      1 BOUNTY
  Liabilities:Bar:Members:Carroarmato0   2.60 EUR   
  Income:Bar                            -2.60 EUR   

2020-10-21 txn "Sander bought 1 items for €0.60"
  timestamp: "2020-10-21 18:47:14.113519"
  type: "purchase"
  Assets:Inventory:Bar               -1 BOUNTY
  Liabilities:Bar:Members:Sander      1 BOUNTY
  Liabilities:Bar:Members:Sander   0.60 EUR   
  Income:Bar                      -0.60 EUR   

2020-10-22 txn "TQ bought 1 items for €2.00"
  timestamp: "2020-10-22 09:44:20.560896"
  type: "purchase"
  Assets:Inventory:Bar                -1 FRITZ
  Liabilities:Bar:Members:Thequux      1 FRITZ
  Liabilities:Bar:Members:Thequux   2.00 EUR  
  Income:Bar                       -2.00 EUR  

2020-10-22 txn "Miker bought 2 items for €4.00"
  timestamp: "2020-10-22 12:58:39.991675"
  type: "purchase"
  Assets:Inventory:Bar              -1 FLORA
  Liabilities:Bar:Members:Miker      1 FLORA
  Assets:Inventory:Bar              -1 FRITZ
  Liabilities:Bar:Members:Miker      1 FRITZ
  Liabilities:Bar:Members:Miker   4.00 EUR  
  Income:Bar                     -4.00 EUR  

2020-10-22 txn "Miker bought 1 items for €0.60"
  timestamp: "2020-10-22 12:59:11.226065"
  type: "purchase"
  Assets:Inventory:Bar              -1 MARS
  Liabilities:Bar:Members:Miker      1 MARS
  Liabilities:Bar:Members:Miker   0.60 EUR 
  Income:Bar                     -0.60 EUR 

2020-10-22 txn "Yvan bought 1 items for €2.00"
  timestamp: "2020-10-22 17:20:59.215408"
  type: "purchase"
  Assets:Inventory:Bar             -1 FRITZ
  Liabilities:Bar:Members:Yvan      1 FRITZ
  Liabilities:Bar:Members:Yvan   2.00 EUR  
  Income:Bar                    -2.00 EUR  

2020-10-23 txn "TQ bought 3 items for €3.20"
  timestamp: "2020-10-23 10:01:53.664803"
  type: "purchase"
  Assets:Inventory:Bar                -1 FLORA
  Liabilities:Bar:Members:Thequux      1 FLORA
  Assets:Inventory:Bar                -1 CHIP 
  Liabilities:Bar:Members:Thequux      1 CHIP 
  Assets:Inventory:Bar                -1 MARS 
  Liabilities:Bar:Members:Thequux      1 MARS 
  Liabilities:Bar:Members:Thequux   3.20 EUR  
  Income:Bar                       -3.20 EUR  

2020-10-23 txn "Yvan bought 1 items for €1.50"
  timestamp: "2020-10-23 12:00:29.146090"
  type: "purchase"
  Assets:Inventory:Bar             -1 ICETEA
  Liabilities:Bar:Members:Yvan      1 ICETEA
  Liabilities:Bar:Members:Yvan   1.50 EUR   
  Income:Bar                    -1.50 EUR   

2020-10-23 txn "Merlijn bought 2 items for €2.10"
  timestamp: "2020-10-23 12:55:57.597186"
  type: "purchase"
  Assets:Inventory:Bar                -1 ICETEA
  Liabilities:Bar:Members:Merlijn      1 ICETEA
  Assets:Inventory:Bar                -1 BOUNTY
  Liabilities:Bar:Members:Merlijn      1 BOUNTY
  Liabilities:Bar:Members:Merlijn   2.10 EUR   
  Income:Bar                       -2.10 EUR   

2020-10-23 txn "Sander bought 1 items for €1.50"
  timestamp: "2020-10-23 16:17:18.519080"
  type: "purchase"
  Assets:Inventory:Bar               -1 COKE
  Liabilities:Bar:Members:Sander      1 COKE
  Liabilities:Bar:Members:Sander   1.50 EUR 
  Income:Bar                      -1.50 EUR 

2020-10-23 txn "TQ bought 1 items for €0.60"
  timestamp: "2020-10-23 17:25:53.598411"
  type: "purchase"
  Assets:Inventory:Bar                -1 CHIP
  Liabilities:Bar:Members:Thequux      1 CHIP
  Liabilities:Bar:Members:Thequux   0.60 EUR 
  Income:Bar                       -0.60 EUR 

2020-10-23 txn "Yvan bought 2 items for €3.00"
  timestamp: "2020-10-23 18:34:01.375393"
  type: "purchase"
  Assets:Inventory:Bar             -2 COKE
  Liabilities:Bar:Members:Yvan      2 COKE
  Liabilities:Bar:Members:Yvan   3.00 EUR 
  Income:Bar                    -3.00 EUR 

2020-10-23 txn "Sander bought 2 items for €1.20"
  timestamp: "2020-10-23 18:36:30.535645"
  type: "purchase"
  Assets:Inventory:Bar               -2 BOUNTY
  Liabilities:Bar:Members:Sander      2 BOUNTY
  Liabilities:Bar:Members:Sander   1.20 EUR   
  Income:Bar                      -1.20 EUR   

2020-10-23 txn "TQ gave Sander a gift of €5.00"
  timestamp: "2020-10-23 19:12:48.267661"
  type: "transfer"
  Liabilities:Bar:Members:Thequux   5.00 EUR
  Liabilities:Bar:Members:Sander   -5.00 EUR

2020-10-24 txn "TQ bought 1 items for €2.00"
  timestamp: "2020-10-24 10:38:11.374186"
  type: "purchase"
  Assets:Inventory:Bar                -1 FRITZ
  Liabilities:Bar:Members:Thequux      1 FRITZ
  Liabilities:Bar:Members:Thequux   2.00 EUR  
  Income:Bar                       -2.00 EUR  

2020-10-24 txn "TQ bought 2 items for €1.20"
  timestamp: "2020-10-24 12:53:33.479738"
  type: "purchase"
  Assets:Inventory:Bar                -1 MARS    
  Liabilities:Bar:Members:Thequux      1 MARS    
  Assets:Inventory:Bar                -1 SNICKERS
  Liabilities:Bar:Members:Thequux      1 SNICKERS
  Liabilities:Bar:Members:Thequux   1.20 EUR     
  Income:Bar                       -1.20 EUR     

2020-10-24 txn "TQ bought 1 items for €0.60"
  timestamp: "2020-10-24 15:19:57.841650"
  type: "purchase"
  Assets:Inventory:Bar                -1 CHIP
  Liabilities:Bar:Members:Thequux      1 CHIP
  Liabilities:Bar:Members:Thequux   0.60 EUR 
  Income:Bar                       -0.60 EUR 

2020-10-24 txn "Yvan bought 1 items for €1.50"
  timestamp: "2020-10-24 15:34:50.497518"
  type: "purchase"
  Assets:Inventory:Bar             -1 ICETEA
  Liabilities:Bar:Members:Yvan      1 ICETEA
  Liabilities:Bar:Members:Yvan   1.50 EUR   
  Income:Bar                    -1.50 EUR   

2020-10-24 txn "TQ bought 1 items for €2.00"
  timestamp: "2020-10-24 19:17:20.214226"
  type: "purchase"
  Assets:Inventory:Bar                -1 FRITZ
  Liabilities:Bar:Members:Thequux      1 FRITZ
  Liabilities:Bar:Members:Thequux   2.00 EUR  
  Income:Bar                       -2.00 EUR  

2020-10-24 txn "Sander bought 1 items for €1.50"
  timestamp: "2020-10-24 19:37:20.380584"
  type: "purchase"
  Assets:Inventory:Bar               -1 COKE
  Liabilities:Bar:Members:Sander      1 COKE
  Liabilities:Bar:Members:Sander   1.50 EUR 
  Income:Bar                      -1.50 EUR 

2020-10-24 txn "Sander bought 1 items for €1.50"
  timestamp: "2020-10-24 20:49:26.380117"
  type: "purchase"
  Assets:Inventory:Bar               -1 COKE
  Liabilities:Bar:Members:Sander      1 COKE
  Liabilities:Bar:Members:Sander   1.50 EUR 
  Income:Bar                      -1.50 EUR 

2020-10-24 txn "Yvan bought 1 items for €2.00"
  timestamp: "2020-10-24 20:56:43.373525"
  type: "purchase"
  Assets:Inventory:Bar             -1 FRITZ
  Liabilities:Bar:Members:Yvan      1 FRITZ
  Liabilities:Bar:Members:Yvan   2.00 EUR  
  Income:Bar                    -2.00 EUR  

2020-10-25 txn "TQ bought 2 items for €1.20"
  timestamp: "2020-10-25 12:20:27.546549"
  type: "purchase"
  Assets:Inventory:Bar                -2 MARS
  Liabilities:Bar:Members:Thequux      2 MARS
  Liabilities:Bar:Members:Thequux   1.20 EUR 
  Income:Bar                       -1.20 EUR 

2020-10-25 txn "Yvan bought 2 items for €1.20"
  timestamp: "2020-10-25 14:21:40.382609"
  type: "purchase"
  Assets:Inventory:Bar             -1 CHIP    
  Liabilities:Bar:Members:Yvan      1 CHIP    
  Assets:Inventory:Bar             -1 SNICKERS
  Liabilities:Bar:Members:Yvan      1 SNICKERS
  Liabilities:Bar:Members:Yvan   1.20 EUR     
  Income:Bar                    -1.20 EUR     

2020-10-25 txn "TQ bought 2 items for €1.20"
  timestamp: "2020-10-25 15:47:10.655878"
  type: "purchase"
  Assets:Inventory:Bar                -1 SNICKERS
  Liabilities:Bar:Members:Thequux      1 SNICKERS
  Assets:Inventory:Bar                -1 MNM     
  Liabilities:Bar:Members:Thequux      1 MNM     
  Liabilities:Bar:Members:Thequux   1.20 EUR     
  Income:Bar                       -1.20 EUR     

2020-10-25 txn "TQ bought 1 items for €2.00"
  timestamp: "2020-10-25 17:10:22.145855"
  type: "purchase"
  Assets:Inventory:Bar                -1 FLORA
  Liabilities:Bar:Members:Thequux      1 FLORA
  Liabilities:Bar:Members:Thequux   2.00 EUR  
  Income:Bar                       -2.00 EUR  

2020-10-25 txn "qwaxys bought 2 items for €4.00"
  timestamp: "2020-10-25 17:58:59.992180"
  type: "purchase"
  Assets:Inventory:Bar             -2 FRITZ
  Liabilities:Bar:Members:Bart      2 FRITZ
  Liabilities:Bar:Members:Bart   4.00 EUR  
  Income:Bar                    -4.00 EUR  

2020-10-25 txn "Lisa bought 1 items for €2.00"
  timestamp: "2020-10-25 17:59:17.823636"
  type: "purchase"
  Assets:Inventory:Bar             -1 FRITZ
  Liabilities:Bar:Members:Lisa      1 FRITZ
  Liabilities:Bar:Members:Lisa   2.00 EUR  
  Income:Bar                    -2.00 EUR  

2020-10-25 txn "Sander bought 1 items for €1.50"
  timestamp: "2020-10-25 18:41:45.363029"
  type: "purchase"
  Assets:Inventory:Bar               -1 COKE
  Liabilities:Bar:Members:Sander      1 COKE
  Liabilities:Bar:Members:Sander   1.50 EUR 
  Income:Bar                      -1.50 EUR 

2020-10-25 txn "Yvan bought 1 items for €1.50"
  timestamp: "2020-10-25 19:26:49.689280"
  type: "purchase"
  Assets:Inventory:Bar             -1 ICETEA
  Liabilities:Bar:Members:Yvan      1 ICETEA
  Liabilities:Bar:Members:Yvan   1.50 EUR   
  Income:Bar                    -1.50 EUR   

2020-10-25 txn "TQ bought 1 items for €2.00"
  timestamp: "2020-10-25 21:09:09.521601"
  type: "purchase"
  Assets:Inventory:Bar                -1 FRITZ
  Liabilities:Bar:Members:Thequux      1 FRITZ
  Liabilities:Bar:Members:Thequux   2.00 EUR  
  Income:Bar                       -2.00 EUR  

2020-10-25 txn "Yvan bought 1 items for €0.60"
  timestamp: "2020-10-25 22:38:06.879667"
  type: "purchase"
  Assets:Inventory:Bar             -1 MARS
  Liabilities:Bar:Members:Yvan      1 MARS
  Liabilities:Bar:Members:Yvan   0.60 EUR 
  Income:Bar                    -0.60 EUR 

2020-10-26 txn "TQ bought 2 items for €2.60"
  timestamp: "2020-10-26 10:39:02.399742"
  type: "purchase"
  Assets:Inventory:Bar                -1 FLORA   
  Liabilities:Bar:Members:Thequux      1 FLORA   
  Assets:Inventory:Bar                -1 SNICKERS
  Liabilities:Bar:Members:Thequux      1 SNICKERS
  Liabilities:Bar:Members:Thequux   2.60 EUR     
  Income:Bar                       -2.60 EUR     

2020-10-26 txn "Yvan bought 1 items for €1.50"
  timestamp: "2020-10-26 13:34:13.801500"
  type: "purchase"
  Assets:Inventory:Bar             -1 ICETEA
  Liabilities:Bar:Members:Yvan      1 ICETEA
  Liabilities:Bar:Members:Yvan   1.50 EUR   
  Income:Bar                    -1.50 EUR   

2020-10-26 txn "Yvan bought 1 items for €2.00"
  timestamp: "2020-10-26 17:22:07.930351"
  type: "purchase"
  Assets:Inventory:Bar             -1 FRITZ
  Liabilities:Bar:Members:Yvan      1 FRITZ
  Liabilities:Bar:Members:Yvan   2.00 EUR  
  Income:Bar                    -2.00 EUR  

2020-10-26 txn "TQ bought 1 items for €2.00"
  timestamp: "2020-10-26 20:06:39.048901"
  type: "purchase"
  Assets:Inventory:Bar                -1 FRITZ
  Liabilities:Bar:Members:Thequux      1 FRITZ
  Liabilities:Bar:Members:Thequux   2.00 EUR  
  Income:Bar                       -2.00 EUR  

2020-10-27 txn "TQ bought 2 items for €2.60"
  timestamp: "2020-10-27 10:09:56.279018"
  type: "purchase"
  Assets:Inventory:Bar                -1 FLORA
  Liabilities:Bar:Members:Thequux      1 FLORA
  Assets:Inventory:Bar                -1 MARS 
  Liabilities:Bar:Members:Thequux      1 MARS 
  Liabilities:Bar:Members:Thequux   2.60 EUR  
  Income:Bar                       -2.60 EUR  

2020-10-27 txn "Yvan bought 1 items for €1.50"
  timestamp: "2020-10-27 13:13:43.479418"
  type: "purchase"
  Assets:Inventory:Bar             -1 ICETEA
  Liabilities:Bar:Members:Yvan      1 ICETEA
  Liabilities:Bar:Members:Yvan   1.50 EUR   
  Income:Bar                    -1.50 EUR   

2020-10-27 txn "Yvan bought 1 items for €1.50"
  timestamp: "2020-10-27 16:08:37.404907"
  type: "purchase"
  Assets:Inventory:Bar             -1 ICETEA
  Liabilities:Bar:Members:Yvan      1 ICETEA
  Liabilities:Bar:Members:Yvan   1.50 EUR   
  Income:Bar                    -1.50 EUR   

2020-10-28 txn "TQ bought 2 items for €2.60"
  timestamp: "2020-10-28 10:35:21.983653"
  type: "purchase"
  Assets:Inventory:Bar                -1 FLORA
  Liabilities:Bar:Members:Thequux      1 FLORA
  Assets:Inventory:Bar                -1 MARS 
  Liabilities:Bar:Members:Thequux      1 MARS 
  Liabilities:Bar:Members:Thequux   2.60 EUR  
  Income:Bar                       -2.60 EUR  

2020-10-28 txn "Yvan bought 1 items for €1.50"
  timestamp: "2020-10-28 15:11:20.374295"
  type: "purchase"
  Assets:Inventory:Bar             -1 ICETEA
  Liabilities:Bar:Members:Yvan      1 ICETEA
  Liabilities:Bar:Members:Yvan   1.50 EUR   
  Income:Bar                    -1.50 EUR   

2020-10-28 txn "TQ bought 1 items for €0.60"
  timestamp: "2020-10-28 16:23:59.711551"
  type: "purchase"
  Assets:Inventory:Bar                -1 SNICKERS
  Liabilities:Bar:Members:Thequux      1 SNICKERS
  Liabilities:Bar:Members:Thequux   0.60 EUR     
  Income:Bar                       -0.60 EUR     

2020-10-28 txn "Sander bought 1 items for €1.50"
  timestamp: "2020-10-28 18:55:38.934665"
  type: "purchase"
  Assets:Inventory:Bar               -1 COKE
  Liabilities:Bar:Members:Sander      1 COKE
  Liabilities:Bar:Members:Sander   1.50 EUR 
  Income:Bar                      -1.50 EUR 

2020-10-28 txn "TQ bought 1 items for €2.00"
  timestamp: "2020-10-28 19:16:57.072873"
  type: "purchase"
  Assets:Inventory:Bar                -1 FRITZ
  Liabilities:Bar:Members:Thequux      1 FRITZ
  Liabilities:Bar:Members:Thequux   2.00 EUR  
  Income:Bar                       -2.00 EUR  

2020-10-28 txn "TQ bought 1 items for €2.00"
  timestamp: "2020-10-28 21:52:57.534268"
  type: "purchase"
  Assets:Inventory:Bar                -1 FRITZ
  Liabilities:Bar:Members:Thequux      1 FRITZ
  Liabilities:Bar:Members:Thequux   2.00 EUR  
  Income:Bar                       -2.00 EUR  

2020-10-29 txn "TQ bought 1 items for €2.00"
  timestamp: "2020-10-29 10:18:00.859406"
  type: "purchase"
  Assets:Inventory:Bar                -1 FLORA
  Liabilities:Bar:Members:Thequux      1 FLORA
  Liabilities:Bar:Members:Thequux   2.00 EUR  
  Income:Bar                       -2.00 EUR  

2020-10-29 txn "Miker bought 2 items for €2.60"
  timestamp: "2020-10-29 13:37:15.386030"
  type: "purchase"
  Assets:Inventory:Bar              -1 CM  
  Liabilities:Bar:Members:Miker      1 CM  
  Assets:Inventory:Bar              -1 MARS
  Liabilities:Bar:Members:Miker      1 MARS
  Liabilities:Bar:Members:Miker   2.60 EUR 
  Income:Bar                     -2.60 EUR 

2020-10-29 txn "TQ bought 2 items for €1.20"
  timestamp: "2020-10-29 13:49:28.487621"
  type: "purchase"
  Assets:Inventory:Bar                -1 MARS
  Liabilities:Bar:Members:Thequux      1 MARS
  Assets:Inventory:Bar                -1 CHIP
  Liabilities:Bar:Members:Thequux      1 CHIP
  Liabilities:Bar:Members:Thequux   1.20 EUR 
  Income:Bar                       -1.20 EUR 

2020-10-29 txn "Lisa bought 1 items for €2.00"
  timestamp: "2020-10-29 13:49:37.743698"
  type: "purchase"
  Assets:Inventory:Bar             -1 FRITZ
  Liabilities:Bar:Members:Lisa      1 FRITZ
  Liabilities:Bar:Members:Lisa   2.00 EUR  
  Income:Bar                    -2.00 EUR  

2020-10-29 txn "Yvan bought 1 items for €1.50"
  timestamp: "2020-10-29 17:01:16.479358"
  type: "purchase"
  Assets:Inventory:Bar             -1 ICETEA
  Liabilities:Bar:Members:Yvan      1 ICETEA
  Liabilities:Bar:Members:Yvan   1.50 EUR   
  Income:Bar                    -1.50 EUR   

2020-10-29 txn "TQ bought 1 items for €2.00"
  timestamp: "2020-10-29 18:07:44.291300"
  type: "purchase"
  Assets:Inventory:Bar                -1 FLORA
  Liabilities:Bar:Members:Thequux      1 FLORA
  Liabilities:Bar:Members:Thequux   2.00 EUR  
  Income:Bar                       -2.00 EUR  

2020-10-29 txn "TQ deposited €2.00"
  timestamp: "2020-10-29 18:07:53.239613"
  type: "deposit"
  Liabilities:Bar:Members:Thequux  -2.00 EUR
  Assets:Cash:Bar                   2.00 EUR

2020-10-29 txn "TQ bought 1 items for €0.60"
  timestamp: "2020-10-29 18:07:57.530714"
  type: "purchase"
  Assets:Inventory:Bar                -1 MARS
  Liabilities:Bar:Members:Thequux      1 MARS
  Liabilities:Bar:Members:Thequux   0.60 EUR 
  Income:Bar                       -0.60 EUR 

2020-10-29 txn "TQ bought 1 items for €2.00"
  timestamp: "2020-10-29 18:44:52.151363"
  type: "purchase"
  Assets:Inventory:Bar                -1 FRITZ
  Liabilities:Bar:Members:Thequux      1 FRITZ
  Liabilities:Bar:Members:Thequux   2.00 EUR  
  Income:Bar                       -2.00 EUR  

2020-10-29 txn "Yvan bought 3 items for €1.80"
  timestamp: "2020-10-29 21:12:11.745574"
  type: "purchase"
  Assets:Inventory:Bar             -3 CHIP
  Liabilities:Bar:Members:Yvan      3 CHIP
  Liabilities:Bar:Members:Yvan   1.80 EUR 
  Income:Bar                    -1.80 EUR 

2020-10-30 txn "TQ bought 3 items for €3.20"
  timestamp: "2020-10-30 10:08:01.915003"
  type: "purchase"
  Assets:Inventory:Bar                -1 FRITZ   
  Liabilities:Bar:Members:Thequux      1 FRITZ   
  Assets:Inventory:Bar                -1 MARS    
  Liabilities:Bar:Members:Thequux      1 MARS    
  Assets:Inventory:Bar                -1 SNICKERS
  Liabilities:Bar:Members:Thequux      1 SNICKERS
  Liabilities:Bar:Members:Thequux   3.20 EUR     
  Income:Bar                       -3.20 EUR     

2020-10-30 txn "Yvan bought 1 items for €1.50"
  timestamp: "2020-10-30 12:20:22.087395"
  type: "purchase"
  Assets:Inventory:Bar             -1 ICETEA
  Liabilities:Bar:Members:Yvan      1 ICETEA
  Liabilities:Bar:Members:Yvan   1.50 EUR   
  Income:Bar                    -1.50 EUR   

2020-10-30 txn "TQ bought 1 items for €0.60"
  timestamp: "2020-10-30 13:13:03.383544"
  type: "purchase"
  Assets:Inventory:Bar                -1 MARS
  Liabilities:Bar:Members:Thequux      1 MARS
  Liabilities:Bar:Members:Thequux   0.60 EUR 
  Income:Bar                       -0.60 EUR 

2020-10-30 txn "Lisa bought 2 items for €1.20"
  timestamp: "2020-10-30 13:20:01.001239"
  type: "purchase"
  Assets:Inventory:Bar             -1 MARS    
  Liabilities:Bar:Members:Lisa      1 MARS    
  Assets:Inventory:Bar             -1 SNICKERS
  Liabilities:Bar:Members:Lisa      1 SNICKERS
  Liabilities:Bar:Members:Lisa   1.20 EUR     
  Income:Bar                    -1.20 EUR     

2020-10-30 txn "TQ bought 1 items for €2.00"
  timestamp: "2020-10-30 18:46:14.547392"
  type: "purchase"
  Assets:Inventory:Bar                -1 FRITZ
  Liabilities:Bar:Members:Thequux      1 FRITZ
  Liabilities:Bar:Members:Thequux   2.00 EUR  
  Income:Bar                       -2.00 EUR  

2020-10-31 txn "TQ bought 1 items for €2.00"
  timestamp: "2020-10-31 16:27:16.967391"
  type: "purchase"
  Assets:Inventory:Bar                -1 FRITZ
  Liabilities:Bar:Members:Thequux      1 FRITZ
  Liabilities:Bar:Members:Thequux   2.00 EUR  
  Income:Bar                       -2.00 EUR  

2020-10-31 txn "Sander bought 1 items for €1.50"
  timestamp: "2020-10-31 18:28:54.651972"
  type: "purchase"
  Assets:Inventory:Bar               -1 COKE
  Liabilities:Bar:Members:Sander      1 COKE
  Liabilities:Bar:Members:Sander   1.50 EUR 
  Income:Bar                      -1.50 EUR 

2020-10-31 txn "Sander bought 1 items for €1.50"
  timestamp: "2020-10-31 19:59:13.511611"
  type: "purchase"
  Assets:Inventory:Bar               -1 COKE
  Liabilities:Bar:Members:Sander      1 COKE
  Liabilities:Bar:Members:Sander   1.50 EUR 
  Income:Bar                      -1.50 EUR 

2020-11-01 txn "TQ bought 1 items for €2.00"
  timestamp: "2020-11-01 13:10:36.583420"
  type: "purchase"
  Assets:Inventory:Bar                -1 FRITZ
  Liabilities:Bar:Members:Thequux      1 FRITZ
  Liabilities:Bar:Members:Thequux   2.00 EUR  
  Income:Bar                       -2.00 EUR  

2020-11-01 txn "TQ bought 1 items for €2.00"
  timestamp: "2020-11-01 18:03:55.373738"
  type: "purchase"
  Assets:Inventory:Bar                -1 FLORA
  Liabilities:Bar:Members:Thequux      1 FLORA
  Liabilities:Bar:Members:Thequux   2.00 EUR  
  Income:Bar                       -2.00 EUR  

2020-11-02 txn "Yvan bought 1 items for €1.50"
  timestamp: "2020-11-02 09:34:18.011409"
  type: "purchase"
  Assets:Inventory:Bar             -1 ICETEA
  Liabilities:Bar:Members:Yvan      1 ICETEA
  Liabilities:Bar:Members:Yvan   1.50 EUR   
  Income:Bar                    -1.50 EUR   

2020-11-02 txn "Lisa bought 1 items for €2.00"
  timestamp: "2020-11-02 12:50:22.218975"
  type: "purchase"
  Assets:Inventory:Bar             -1 FRITZ
  Liabilities:Bar:Members:Lisa      1 FRITZ
  Liabilities:Bar:Members:Lisa   2.00 EUR  
  Income:Bar                    -2.00 EUR  

2020-11-02 txn "qwaxys bought 1 items for €2.00"
  timestamp: "2020-11-02 13:20:30.527366"
  type: "purchase"
  Assets:Inventory:Bar             -1 FRITZ
  Liabilities:Bar:Members:Bart      1 FRITZ
  Liabilities:Bar:Members:Bart   2.00 EUR  
  Income:Bar                    -2.00 EUR  

2020-11-02 txn "--CASH-- bought 1 items for €1.50"
  timestamp: "2020-11-02 14:13:57.895397"
  type: "purchase"
  Assets:Inventory:Bar     -1 COKE
  Assets:Cash:Bar           1 COKE
  Assets:Cash:Bar        1.50 EUR 
  Income:Bar            -1.50 EUR 

2020-11-03 txn "TQ bought 1 items for €2.00"
  timestamp: "2020-11-03 09:32:29.450218"
  type: "purchase"
  Assets:Inventory:Bar                -1 FLORA
  Liabilities:Bar:Members:Thequux      1 FLORA
  Liabilities:Bar:Members:Thequux   2.00 EUR  
  Income:Bar                       -2.00 EUR  

2020-11-03 txn "Yvan bought 1 items for €1.50"
  timestamp: "2020-11-03 14:56:12.899395"
  type: "purchase"
  Assets:Inventory:Bar             -1 COKE
  Liabilities:Bar:Members:Yvan      1 COKE
  Liabilities:Bar:Members:Yvan   1.50 EUR 
  Income:Bar                    -1.50 EUR 

2020-11-03 txn "TQ bought 1 items for €2.00"
  timestamp: "2020-11-03 15:41:35.746696"
  type: "purchase"
  Assets:Inventory:Bar                -1 FLORA
  Liabilities:Bar:Members:Thequux      1 FLORA
  Liabilities:Bar:Members:Thequux   2.00 EUR  
  Income:Bar                       -2.00 EUR  

2020-11-03 txn "TQ bought 1 items for €2.00"
  timestamp: "2020-11-03 20:46:48.046117"
  type: "purchase"
  Assets:Inventory:Bar                -1 FRITZ
  Liabilities:Bar:Members:Thequux      1 FRITZ
  Liabilities:Bar:Members:Thequux   2.00 EUR  
  Income:Bar                       -2.00 EUR  

2020-11-04 txn "TQ bought 1 items for €2.00"
  timestamp: "2020-11-04 09:59:51.624597"
  type: "purchase"
  Assets:Inventory:Bar                -1 FLORA
  Liabilities:Bar:Members:Thequux      1 FLORA
  Liabilities:Bar:Members:Thequux   2.00 EUR  
  Income:Bar                       -2.00 EUR  

2020-11-04 txn "Yvan bought 2 items for €2.10"
  timestamp: "2020-11-04 13:49:45.019732"
  type: "purchase"
  Assets:Inventory:Bar             -1 ICETEA
  Liabilities:Bar:Members:Yvan      1 ICETEA
  Assets:Inventory:Bar             -1 CHIP  
  Liabilities:Bar:Members:Yvan      1 CHIP  
  Liabilities:Bar:Members:Yvan   2.10 EUR   
  Income:Bar                    -2.10 EUR   

2020-11-04 txn "TQ deposited €200.00"
  timestamp: "2020-11-04 13:52:39.599482"
  type: "deposit"
  Liabilities:Bar:Members:Thequux  -200.00 EUR
  Assets:Cash:Bar                   200.00 EUR

2020-11-04 txn "TQ gave Sander a gift of €16.50"
  timestamp: "2020-11-04 17:39:20.197795"
  type: "transfer"
  Liabilities:Bar:Members:Thequux   16.50 EUR
  Liabilities:Bar:Members:Sander   -16.50 EUR

