2021-07-27 txn "Carro​armato0 bought 2 items for €1.40"
  timestamp: "2021-07-27 13:53:41.246763"
  type: "purchase"
  Assets:Inventory:Bar                     -2 PICKUP
  Liabilities:Bar:Members:Carroarmato0      2 PICKUP
  Liabilities:Bar:Members:Carroarmato0   1.40 EUR   
  Income:Bar                            -1.40 EUR   

2021-07-27 txn "Carro​armato0 bought 1 items for €0.70"
  timestamp: "2021-07-27 13:54:04.940094"
  type: "purchase"
  Assets:Inventory:Bar                     -1 PICKUP
  Liabilities:Bar:Members:Carroarmato0      1 PICKUP
  Liabilities:Bar:Members:Carroarmato0   0.70 EUR   
  Income:Bar                            -0.70 EUR   

2021-07-28 txn "TQ bought 1 items for €2.00"
  timestamp: "2021-07-28 10:43:58.908911"
  type: "purchase"
  Assets:Inventory:Bar                -1 CM 
  Liabilities:Bar:Members:Thequux      1 CM 
  Liabilities:Bar:Members:Thequux   2.00 EUR
  Income:Bar                       -2.00 EUR

2021-07-28 txn "TQ bought 1 items for €2.00"
  timestamp: "2021-07-28 13:44:03.001586"
  type: "purchase"
  Assets:Inventory:Bar                -1 FRITZ
  Liabilities:Bar:Members:Thequux      1 FRITZ
  Liabilities:Bar:Members:Thequux   2.00 EUR  
  Income:Bar                       -2.00 EUR  

2021-07-28 txn "TQ bought 2 items for €1.40"
  timestamp: "2021-07-28 16:53:45.104678"
  type: "purchase"
  Assets:Inventory:Bar                -2 PICKUP
  Liabilities:Bar:Members:Thequux      2 PICKUP
  Liabilities:Bar:Members:Thequux   1.40 EUR   
  Income:Bar                       -1.40 EUR   

2021-07-28 txn "Bloemist bought 1 items for €1.50"
  timestamp: "2021-07-28 17:56:45.119941"
  type: "purchase"
  Assets:Inventory:Bar                 -1 JUPILER
  Liabilities:Bar:Members:Bloemist      1 JUPILER
  Liabilities:Bar:Members:Bloemist   1.50 EUR    
  Income:Bar                        -1.50 EUR    

2021-07-28 txn "Bloemist bought 1 items for €2.50"
  timestamp: "2021-07-28 17:57:27.706493"
  type: "purchase"
  Assets:Inventory:Bar                 -1 DUVEL
  Liabilities:Bar:Members:Bloemist      1 DUVEL
  Liabilities:Bar:Members:Bloemist   2.50 EUR  
  Income:Bar                        -2.50 EUR  

2021-07-28 txn "Bloemist bought 1 items for €1.50"
  timestamp: "2021-07-28 18:34:15.300573"
  type: "purchase"
  Assets:Inventory:Bar                 -1 JUPILER
  Liabilities:Bar:Members:Bloemist      1 JUPILER
  Liabilities:Bar:Members:Bloemist   1.50 EUR    
  Income:Bar                        -1.50 EUR    

2021-07-28 txn "Bloemist bought 1 items for €1.50"
  timestamp: "2021-07-28 19:50:53.622655"
  type: "purchase"
  Assets:Inventory:Bar                 -1 JUPILER
  Liabilities:Bar:Members:Bloemist      1 JUPILER
  Liabilities:Bar:Members:Bloemist   1.50 EUR    
  Income:Bar                        -1.50 EUR    

2021-07-29 txn "Yvan bought 8 items for €13.90"
  timestamp: "2021-07-29 10:25:56.939825"
  type: "purchase"
  Assets:Inventory:Bar              -5 FRITZ 
  Liabilities:Bar:Members:Yvan       5 FRITZ 
  Assets:Inventory:Bar              -1 CM    
  Liabilities:Bar:Members:Yvan       1 CM    
  Assets:Inventory:Bar              -1 PICKUP
  Liabilities:Bar:Members:Yvan       1 PICKUP
  Assets:Inventory:Bar              -1 CHIP  
  Liabilities:Bar:Members:Yvan       1 CHIP  
  Liabilities:Bar:Members:Yvan   13.90 EUR   
  Income:Bar                    -13.90 EUR   

2021-07-29 txn "Yvan bought 1 items for €2.00"
  timestamp: "2021-07-29 15:31:53.913713"
  type: "purchase"
  Assets:Inventory:Bar             -1 FRITZ
  Liabilities:Bar:Members:Yvan      1 FRITZ
  Liabilities:Bar:Members:Yvan   2.00 EUR  
  Income:Bar                    -2.00 EUR  

2021-07-29 txn "Carro​armato0 bought 2 items for €2.70"
  timestamp: "2021-07-29 15:35:59.008002"
  type: "purchase"
  Assets:Inventory:Bar                     -1 CM    
  Liabilities:Bar:Members:Carroarmato0      1 CM    
  Assets:Inventory:Bar                     -1 PICKUP
  Liabilities:Bar:Members:Carroarmato0      1 PICKUP
  Liabilities:Bar:Members:Carroarmato0   2.70 EUR   
  Income:Bar                            -2.70 EUR   

2021-07-29 txn "qwaxys bought 1 items for €2.00"
  timestamp: "2021-07-29 16:12:10.798324"
  type: "purchase"
  Assets:Inventory:Bar             -1 CMRED
  Liabilities:Bar:Members:Bart      1 CMRED
  Liabilities:Bar:Members:Bart   2.00 EUR  
  Income:Bar                    -2.00 EUR  

2021-07-29 txn "Koen deposited €21.50"
  timestamp: "2021-07-29 16:17:48.413223"
  type: "deposit"
  Liabilities:Bar:Members:Koen  -21.50 EUR
  Assets:Cash:Bar                21.50 EUR

2021-07-29 txn "Koen bought 1 items for €1.50"
  timestamp: "2021-07-29 16:17:59.179344"
  type: "purchase"
  Assets:Inventory:Bar             -1 JUPILER
  Liabilities:Bar:Members:Koen      1 JUPILER
  Liabilities:Bar:Members:Koen   1.50 EUR    
  Income:Bar                    -1.50 EUR    

2021-07-29 txn "Koen bought 1 items for €1.50"
  timestamp: "2021-07-29 17:06:08.989119"
  type: "purchase"
  Assets:Inventory:Bar             -1 JUPILER
  Liabilities:Bar:Members:Koen      1 JUPILER
  Liabilities:Bar:Members:Koen   1.50 EUR    
  Income:Bar                    -1.50 EUR    

2021-07-29 txn "Bloemist bought 2 items for €3.00"
  timestamp: "2021-07-29 17:07:02.395079"
  type: "purchase"
  Assets:Inventory:Bar                 -2 JUPILER
  Liabilities:Bar:Members:Bloemist      2 JUPILER
  Liabilities:Bar:Members:Bloemist   3.00 EUR    
  Income:Bar                        -3.00 EUR    

2021-07-29 txn "Bloemist deposited €110.00"
  timestamp: "2021-07-29 17:07:34.688123"
  type: "deposit"
  Liabilities:Bar:Members:Bloemist  -110.00 EUR
  Assets:Cash:Bar                    110.00 EUR

2021-07-29 txn "Els bought 1 items for €0.50"
  timestamp: "2021-07-29 18:00:29.351949"
  type: "purchase"
  Assets:Inventory:Bar            -1 TEA
  Liabilities:Bar:Members:Els      1 TEA
  Liabilities:Bar:Members:Els   0.50 EUR
  Income:Bar                   -0.50 EUR

2021-07-29 txn "Els bought 1 items for €1.20"
  timestamp: "2021-07-29 18:01:16.811748"
  type: "purchase"
  Assets:Inventory:Bar            -1 CHIP
  Liabilities:Bar:Members:Els      1 CHIP
  Liabilities:Bar:Members:Els   1.20 EUR 
  Income:Bar                   -1.20 EUR 

2021-07-29 txn "Ljaytee bought 1 items for €2.00"
  timestamp: "2021-07-29 18:02:25.907860"
  type: "purchase"
  Assets:Inventory:Bar                -1 CIDER
  Liabilities:Bar:Members:Ljaytee      1 CIDER
  Liabilities:Bar:Members:Ljaytee   2.00 EUR  
  Income:Bar                       -2.00 EUR  

2021-07-29 txn "Sasja bought 1 items for €1.50"
  timestamp: "2021-07-29 18:07:06.412947"
  type: "purchase"
  Assets:Inventory:Bar              -1 HG 
  Liabilities:Bar:Members:Sasja      1 HG 
  Liabilities:Bar:Members:Sasja   1.50 EUR
  Income:Bar                     -1.50 EUR

2021-07-29 txn "TQ bought 1 items for €2.50"
  timestamp: "2021-07-29 18:10:04.301411"
  type: "purchase"
  Assets:Inventory:Bar                -1 DUVEL
  Liabilities:Bar:Members:Thequux      1 DUVEL
  Liabilities:Bar:Members:Thequux   2.50 EUR  
  Income:Bar                       -2.50 EUR  

2021-07-29 txn "Evils bought 1 items for €2.00"
  timestamp: "2021-07-29 18:22:46.483274"
  type: "purchase"
  Assets:Inventory:Bar              -1 CM 
  Liabilities:Bar:Members:Elvis      1 CM 
  Liabilities:Bar:Members:Elvis   2.00 EUR
  Income:Bar                     -2.00 EUR

2021-07-29 txn "Ljaytee bought 2 items for €2.70"
  timestamp: "2021-07-29 18:39:21.139831"
  type: "purchase"
  Assets:Inventory:Bar                -1 FRITZ 
  Liabilities:Bar:Members:Ljaytee      1 FRITZ 
  Assets:Inventory:Bar                -1 PICKUP
  Liabilities:Bar:Members:Ljaytee      1 PICKUP
  Liabilities:Bar:Members:Ljaytee   2.70 EUR   
  Income:Bar                       -2.70 EUR   

2021-07-29 txn "qwaxys bought 1 items for €2.00"
  timestamp: "2021-07-29 18:41:30.390038"
  type: "purchase"
  Assets:Inventory:Bar             -1 FRITZ
  Liabilities:Bar:Members:Bart      1 FRITZ
  Liabilities:Bar:Members:Bart   2.00 EUR  
  Income:Bar                    -2.00 EUR  

2021-07-29 txn "Carro​armato0 bought 1 items for €2.00"
  timestamp: "2021-07-29 18:48:25.015224"
  type: "purchase"
  Assets:Inventory:Bar                     -1 FRITZ
  Liabilities:Bar:Members:Carroarmato0      1 FRITZ
  Liabilities:Bar:Members:Carroarmato0   2.00 EUR  
  Income:Bar                            -2.00 EUR  

2021-07-29 txn "Yvan gave qwaxys a gift of €2.00"
  timestamp: "2021-07-29 18:48:52.689293"
  type: "transfer"
  Liabilities:Bar:Members:Yvan   2.00 EUR
  Liabilities:Bar:Members:Bart  -2.00 EUR

2021-07-29 txn "Carro​armato0 gave Yvan a gift of €9.50"
  timestamp: "2021-07-29 18:49:13.783810"
  type: "transfer"
  Liabilities:Bar:Members:Carroarmato0   9.50 EUR
  Liabilities:Bar:Members:Yvan          -9.50 EUR

2021-07-29 txn "Carro​armato0 deposited €20.00"
  timestamp: "2021-07-29 18:49:30.756878"
  type: "deposit"
  Liabilities:Bar:Members:Carroarmato0  -20.00 EUR
  Assets:Cash:Bar                        20.00 EUR

2021-07-29 txn "Evils gave Yvan a gift of €9.50"
  timestamp: "2021-07-29 18:49:36.323896"
  type: "transfer"
  Liabilities:Bar:Members:Elvis   9.50 EUR
  Liabilities:Bar:Members:Yvan   -9.50 EUR

2021-07-29 txn "Sasja bought 1 items for €1.50"
  timestamp: "2021-07-29 18:56:20.271213"
  type: "purchase"
  Assets:Inventory:Bar              -1 HG 
  Liabilities:Bar:Members:Sasja      1 HG 
  Liabilities:Bar:Members:Sasja   1.50 EUR
  Income:Bar                     -1.50 EUR

2021-07-29 txn "Bloemist gave Yvan a gift of €15.00"
  timestamp: "2021-07-29 19:02:28.486865"
  type: "transfer"
  Liabilities:Bar:Members:Bloemist   15.00 EUR
  Liabilities:Bar:Members:Yvan      -15.00 EUR

2021-07-29 txn "Bloemist bought 1 items for €1.50"
  timestamp: "2021-07-29 19:02:51.352392"
  type: "purchase"
  Assets:Inventory:Bar                 -1 JUPILER
  Liabilities:Bar:Members:Bloemist      1 JUPILER
  Liabilities:Bar:Members:Bloemist   1.50 EUR    
  Income:Bar                        -1.50 EUR    

2021-07-29 txn "Koen bought 1 items for €1.50"
  timestamp: "2021-07-29 19:02:55.876886"
  type: "purchase"
  Assets:Inventory:Bar             -1 JUPILER
  Liabilities:Bar:Members:Koen      1 JUPILER
  Liabilities:Bar:Members:Koen   1.50 EUR    
  Income:Bar                    -1.50 EUR    

2021-07-29 txn "--CASH-- bought 2 items for €3.00"
  timestamp: "2021-07-29 19:23:33.310719"
  type: "purchase"
  Assets:Inventory:Bar     -2 JUPILER
  Assets:Cash:Bar           2 JUPILER
  Assets:Cash:Bar        3.00 EUR    
  Income:Bar            -3.00 EUR    

2021-07-29 txn "Miker bought 1 items for €2.00"
  timestamp: "2021-07-29 19:25:18.635574"
  type: "purchase"
  Assets:Inventory:Bar              -1 CM 
  Liabilities:Bar:Members:Miker      1 CM 
  Liabilities:Bar:Members:Miker   2.00 EUR
  Income:Bar                     -2.00 EUR

2021-07-29 txn "--CASH-- bought 2 items for €3.00"
  timestamp: "2021-07-29 19:27:26.480910"
  type: "purchase"
  Assets:Inventory:Bar     -2 JUPILER
  Assets:Cash:Bar           2 JUPILER
  Assets:Cash:Bar        3.00 EUR    
  Income:Bar            -3.00 EUR    

2021-07-29 txn "Stefaan bought 1 items for €2.00"
  timestamp: "2021-07-29 19:28:01.694887"
  type: "purchase"
  Assets:Inventory:Bar                -1 FRITZ
  Liabilities:Bar:Members:Stefaan      1 FRITZ
  Liabilities:Bar:Members:Stefaan   2.00 EUR  
  Income:Bar                       -2.00 EUR  

2021-07-29 txn "Sander bought 1 items for €2.00"
  timestamp: "2021-07-29 19:35:31.371655"
  type: "purchase"
  Assets:Inventory:Bar               -1 FRITZ
  Liabilities:Bar:Members:Sander      1 FRITZ
  Liabilities:Bar:Members:Sander   2.00 EUR  
  Income:Bar                      -2.00 EUR  

2021-07-29 txn "Sander bought 2 items for €1.40"
  timestamp: "2021-07-29 20:02:40.066503"
  type: "purchase"
  Assets:Inventory:Bar               -2 PICKUP
  Liabilities:Bar:Members:Sander      2 PICKUP
  Liabilities:Bar:Members:Sander   1.40 EUR   
  Income:Bar                      -1.40 EUR   

2021-07-29 txn "Miker bought 2 items for €4.00"
  timestamp: "2021-07-29 20:17:24.579301"
  type: "purchase"
  Assets:Inventory:Bar              -1 DUVEL  
  Liabilities:Bar:Members:Miker      1 DUVEL  
  Assets:Inventory:Bar              -1 JUPILER
  Liabilities:Bar:Members:Miker      1 JUPILER
  Liabilities:Bar:Members:Miker   4.00 EUR    
  Income:Bar                     -4.00 EUR    

2021-07-29 txn "Ljaytee bought 2 items for €3.50"
  timestamp: "2021-07-29 20:23:00.168104"
  type: "purchase"
  Assets:Inventory:Bar                -1 CIDER  
  Liabilities:Bar:Members:Ljaytee      1 CIDER  
  Assets:Inventory:Bar                -1 JUPILER
  Liabilities:Bar:Members:Ljaytee      1 JUPILER
  Liabilities:Bar:Members:Ljaytee   3.50 EUR    
  Income:Bar                       -3.50 EUR    

2021-07-29 txn "Koen bought 1 items for €1.50"
  timestamp: "2021-07-29 20:28:40.755843"
  type: "purchase"
  Assets:Inventory:Bar             -1 JUPILER
  Liabilities:Bar:Members:Koen      1 JUPILER
  Liabilities:Bar:Members:Koen   1.50 EUR    
  Income:Bar                    -1.50 EUR    

2021-07-29 txn "Els bought 1 items for €2.00"
  timestamp: "2021-07-29 20:28:51.234584"
  type: "purchase"
  Assets:Inventory:Bar            -1 FRITZ
  Liabilities:Bar:Members:Els      1 FRITZ
  Liabilities:Bar:Members:Els   2.00 EUR  
  Income:Bar                   -2.00 EUR  

2021-07-29 txn "Evils bought 1 items for €2.00"
  timestamp: "2021-07-29 21:22:43.188398"
  type: "purchase"
  Assets:Inventory:Bar              -1 FRITZ
  Liabilities:Bar:Members:Elvis      1 FRITZ
  Liabilities:Bar:Members:Elvis   2.00 EUR  
  Income:Bar                     -2.00 EUR  

2021-07-29 txn "Miker bought 3 items for €7.50"
  timestamp: "2021-07-29 21:22:46.722464"
  type: "purchase"
  Assets:Inventory:Bar              -3 DUVEL
  Liabilities:Bar:Members:Miker      3 DUVEL
  Liabilities:Bar:Members:Miker   7.50 EUR  
  Income:Bar                     -7.50 EUR  

2021-07-29 txn "Koen deposited €3.00"
  timestamp: "2021-07-29 21:32:56.320126"
  type: "deposit"
  Liabilities:Bar:Members:Koen  -3.00 EUR
  Assets:Cash:Bar                3.00 EUR

2021-07-29 txn "qwaxys bought 1 items for €2.00"
  timestamp: "2021-07-29 21:58:20.267124"
  type: "purchase"
  Assets:Inventory:Bar             -1 FRITZ
  Liabilities:Bar:Members:Bart      1 FRITZ
  Liabilities:Bar:Members:Bart   2.00 EUR  
  Income:Bar                    -2.00 EUR  

2021-07-29 txn "Miker bought 1 items for €2.00"
  timestamp: "2021-07-29 23:16:16.629658"
  type: "purchase"
  Assets:Inventory:Bar              -1 CM 
  Liabilities:Bar:Members:Miker      1 CM 
  Liabilities:Bar:Members:Miker   2.00 EUR
  Income:Bar                     -2.00 EUR

2021-07-29 txn "Evils bought 1 items for €2.00"
  timestamp: "2021-07-29 23:42:20.930095"
  type: "purchase"
  Assets:Inventory:Bar              -1 FRITZ
  Liabilities:Bar:Members:Elvis      1 FRITZ
  Liabilities:Bar:Members:Elvis   2.00 EUR  
  Income:Bar                     -2.00 EUR  

2021-07-30 txn "Bloemist bought 1 items for €2.00"
  timestamp: "2021-07-30 00:47:58.001360"
  type: "purchase"
  Assets:Inventory:Bar                 -1 CM 
  Liabilities:Bar:Members:Bloemist      1 CM 
  Liabilities:Bar:Members:Bloemist   2.00 EUR
  Income:Bar                        -2.00 EUR

2021-07-30 txn "Yvan bought 1 items for €2.00"
  timestamp: "2021-07-30 08:14:21.377662"
  type: "purchase"
  Assets:Inventory:Bar             -1 FRITZ
  Liabilities:Bar:Members:Yvan      1 FRITZ
  Liabilities:Bar:Members:Yvan   2.00 EUR  
  Income:Bar                    -2.00 EUR  

2021-07-31 txn "TQ bought 1 items for €2.00"
  timestamp: "2021-07-31 15:31:45.498492"
  type: "purchase"
  Assets:Inventory:Bar                -1 FRITZ
  Liabilities:Bar:Members:Thequux      1 FRITZ
  Liabilities:Bar:Members:Thequux   2.00 EUR  
  Income:Bar                       -2.00 EUR  

2021-07-31 txn "On8wr bought 1 items for €2.00"
  timestamp: "2021-07-31 16:54:21.349661"
  type: "purchase"
  Assets:Inventory:Bar              -1 CM 
  Liabilities:Bar:Members:On8wr      1 CM 
  Liabilities:Bar:Members:On8wr   2.00 EUR
  Income:Bar                     -2.00 EUR

2021-07-31 txn "Bloemist bought 1 items for €1.50"
  timestamp: "2021-07-31 18:26:44.952175"
  type: "purchase"
  Assets:Inventory:Bar                 -1 HG 
  Liabilities:Bar:Members:Bloemist      1 HG 
  Liabilities:Bar:Members:Bloemist   1.50 EUR
  Income:Bar                        -1.50 EUR

2021-07-31 txn "On8wr bought 1 items for €0.70"
  timestamp: "2021-07-31 18:54:34.931691"
  type: "purchase"
  Assets:Inventory:Bar              -1 PICKUP
  Liabilities:Bar:Members:On8wr      1 PICKUP
  Liabilities:Bar:Members:On8wr   0.70 EUR   
  Income:Bar                     -0.70 EUR   

2021-07-31 txn "Bloemist bought 1 items for €0.70"
  timestamp: "2021-07-31 19:46:04.234213"
  type: "purchase"
  Assets:Inventory:Bar                 -1 PICKUP
  Liabilities:Bar:Members:Bloemist      1 PICKUP
  Liabilities:Bar:Members:Bloemist   0.70 EUR   
  Income:Bar                        -0.70 EUR   

2021-07-31 txn "On8wr bought 1 items for €0.70"
  timestamp: "2021-07-31 20:30:50.881615"
  type: "purchase"
  Assets:Inventory:Bar              -1 PICKUP
  Liabilities:Bar:Members:On8wr      1 PICKUP
  Liabilities:Bar:Members:On8wr   0.70 EUR   
  Income:Bar                     -0.70 EUR   

2021-07-31 txn "On8wr bought 1 items for €2.00"
  timestamp: "2021-07-31 20:31:51.057982"
  type: "purchase"
  Assets:Inventory:Bar              -1 FRITZ
  Liabilities:Bar:Members:On8wr      1 FRITZ
  Liabilities:Bar:Members:On8wr   2.00 EUR  
  Income:Bar                     -2.00 EUR  

2021-07-31 txn "Bloemist bought 1 items for €1.50"
  timestamp: "2021-07-31 20:33:36.230742"
  type: "purchase"
  Assets:Inventory:Bar                 -1 COKE_ZERO
  Liabilities:Bar:Members:Bloemist      1 COKE_ZERO
  Liabilities:Bar:Members:Bloemist   1.50 EUR      
  Income:Bar                        -1.50 EUR      

2021-07-31 txn "On8wr bought 1 items for €0.70"
  timestamp: "2021-07-31 21:35:51.502379"
  type: "purchase"
  Assets:Inventory:Bar              -1 PICKUP
  Liabilities:Bar:Members:On8wr      1 PICKUP
  Liabilities:Bar:Members:On8wr   0.70 EUR   
  Income:Bar                     -0.70 EUR   

2021-07-31 txn "qwaxys bought 1 items for €2.00"
  timestamp: "2021-07-31 22:04:39.731180"
  type: "purchase"
  Assets:Inventory:Bar             -1 FRITZ
  Liabilities:Bar:Members:Bart      1 FRITZ
  Liabilities:Bar:Members:Bart   2.00 EUR  
  Income:Bar                    -2.00 EUR  

2021-07-31 txn "On8wr bought 1 items for €2.00"
  timestamp: "2021-07-31 22:05:48.108125"
  type: "purchase"
  Assets:Inventory:Bar              -1 FRITZ
  Liabilities:Bar:Members:On8wr      1 FRITZ
  Liabilities:Bar:Members:On8wr   2.00 EUR  
  Income:Bar                     -2.00 EUR  

2021-07-31 txn "--CASH-- gave --CASH-- a gift of €5.00"
  timestamp: "2021-07-31 22:24:15.400661"
  type: "transfer"
  Assets:Cash:Bar   5.00 EUR
  Assets:Cash:Bar  -5.00 EUR

2021-08-01 txn "Bloemist bought 1 items for €1.50"
  timestamp: "2021-08-01 00:51:36.231181"
  type: "purchase"
  Assets:Inventory:Bar                 -1 COKE_ZERO
  Liabilities:Bar:Members:Bloemist      1 COKE_ZERO
  Liabilities:Bar:Members:Bloemist   1.50 EUR      
  Income:Bar                        -1.50 EUR      

2021-08-01 txn "On8wr bought 1 items for €1.20"
  timestamp: "2021-08-01 01:01:21.090517"
  type: "purchase"
  Assets:Inventory:Bar              -1 CHIP
  Liabilities:Bar:Members:On8wr      1 CHIP
  Liabilities:Bar:Members:On8wr   1.20 EUR 
  Income:Bar                     -1.20 EUR 

2021-08-01 txn "On8wr bought 2 items for €2.70"
  timestamp: "2021-08-01 01:08:56.407083"
  type: "purchase"
  Assets:Inventory:Bar              -1 FRITZ 
  Liabilities:Bar:Members:On8wr      1 FRITZ 
  Assets:Inventory:Bar              -1 PICKUP
  Liabilities:Bar:Members:On8wr      1 PICKUP
  Liabilities:Bar:Members:On8wr   2.70 EUR   
  Income:Bar                     -2.70 EUR   

2021-08-01 txn "Bloemist bought 1 items for €0.70"
  timestamp: "2021-08-01 01:39:25.644692"
  type: "purchase"
  Assets:Inventory:Bar                 -1 PICKUP
  Liabilities:Bar:Members:Bloemist      1 PICKUP
  Liabilities:Bar:Members:Bloemist   0.70 EUR   
  Income:Bar                        -0.70 EUR   

2021-08-01 txn "On8wr bought 2 items for €1.40"
  timestamp: "2021-08-01 02:25:25.818741"
  type: "purchase"
  Assets:Inventory:Bar              -2 PICKUP
  Liabilities:Bar:Members:On8wr      2 PICKUP
  Liabilities:Bar:Members:On8wr   1.40 EUR   
  Income:Bar                     -1.40 EUR   

2021-08-01 txn "On8wr bought 1 items for €1.50"
  timestamp: "2021-08-01 02:29:00.974490"
  type: "purchase"
  Assets:Inventory:Bar              -1 ICETEA
  Liabilities:Bar:Members:On8wr      1 ICETEA
  Liabilities:Bar:Members:On8wr   1.50 EUR   
  Income:Bar                     -1.50 EUR   

2021-08-01 txn "On8wr bought 1 items for €2.00"
  timestamp: "2021-08-01 09:19:07.554516"
  type: "purchase"
  Assets:Inventory:Bar              -1 CM 
  Liabilities:Bar:Members:On8wr      1 CM 
  Liabilities:Bar:Members:On8wr   2.00 EUR
  Income:Bar                     -2.00 EUR

2021-08-01 txn "On8wr bought 1 items for €2.00"
  timestamp: "2021-08-01 11:53:42.221250"
  type: "purchase"
  Assets:Inventory:Bar              -1 CM 
  Liabilities:Bar:Members:On8wr      1 CM 
  Liabilities:Bar:Members:On8wr   2.00 EUR
  Income:Bar                     -2.00 EUR

2021-08-01 txn "On8wr bought 2 items for €2.70"
  timestamp: "2021-08-01 12:20:46.879366"
  type: "purchase"
  Assets:Inventory:Bar              -1 PICKUP
  Liabilities:Bar:Members:On8wr      1 PICKUP
  Assets:Inventory:Bar              -1 FRITZ 
  Liabilities:Bar:Members:On8wr      1 FRITZ 
  Liabilities:Bar:Members:On8wr   2.70 EUR   
  Income:Bar                     -2.70 EUR   

2021-08-01 txn "On8wr bought 1 items for €1.20"
  timestamp: "2021-08-01 15:34:10.818765"
  type: "purchase"
  Assets:Inventory:Bar              -1 CHIP
  Liabilities:Bar:Members:On8wr      1 CHIP
  Liabilities:Bar:Members:On8wr   1.20 EUR 
  Income:Bar                     -1.20 EUR 

2021-08-01 txn "Carro​armato0 bought 1 items for €1.50"
  timestamp: "2021-08-01 15:40:17.973684"
  type: "purchase"
  Assets:Inventory:Bar                     -1 COKE_ZERO
  Liabilities:Bar:Members:Carroarmato0      1 COKE_ZERO
  Liabilities:Bar:Members:Carroarmato0   1.50 EUR      
  Income:Bar                            -1.50 EUR      

2021-08-01 txn "On8wr bought 1 items for €0.70"
  timestamp: "2021-08-01 16:08:57.820735"
  type: "purchase"
  Assets:Inventory:Bar              -1 PICKUP
  Liabilities:Bar:Members:On8wr      1 PICKUP
  Liabilities:Bar:Members:On8wr   0.70 EUR   
  Income:Bar                     -0.70 EUR   

2021-08-01 txn "Bloemist bought 1 items for €2.00"
  timestamp: "2021-08-01 16:10:35.323796"
  type: "purchase"
  Assets:Inventory:Bar                 -1 FRITZ
  Liabilities:Bar:Members:Bloemist      1 FRITZ
  Liabilities:Bar:Members:Bloemist   2.00 EUR  
  Income:Bar                        -2.00 EUR  

2021-08-01 txn "qwaxys bought 1 items for €1.50"
  timestamp: "2021-08-01 17:12:02.521048"
  type: "purchase"
  Assets:Inventory:Bar             -1 HG 
  Liabilities:Bar:Members:Bart      1 HG 
  Liabilities:Bar:Members:Bart   1.50 EUR
  Income:Bar                    -1.50 EUR

2021-08-01 txn "Carro​armato0 bought 2 items for €2.70"
  timestamp: "2021-08-01 17:13:53.914533"
  type: "purchase"
  Assets:Inventory:Bar                     -1 PICKUP
  Liabilities:Bar:Members:Carroarmato0      1 PICKUP
  Assets:Inventory:Bar                     -1 FRITZ 
  Liabilities:Bar:Members:Carroarmato0      1 FRITZ 
  Liabilities:Bar:Members:Carroarmato0   2.70 EUR   
  Income:Bar                            -2.70 EUR   

2021-08-01 txn "Evils gave Sander a gift of €6.00"
  timestamp: "2021-08-01 18:07:56.673713"
  type: "transfer"
  Liabilities:Bar:Members:Elvis    6.00 EUR
  Liabilities:Bar:Members:Sander  -6.00 EUR

2021-08-01 txn "Evils bought 1 items for €2.00"
  timestamp: "2021-08-01 18:08:28.860895"
  type: "purchase"
  Assets:Inventory:Bar              -1 FRITZ
  Liabilities:Bar:Members:Elvis      1 FRITZ
  Liabilities:Bar:Members:Elvis   2.00 EUR  
  Income:Bar                     -2.00 EUR  

2021-08-01 txn "Carro​armato0 bought 2 items for €1.40"
  timestamp: "2021-08-01 18:17:04.082198"
  type: "purchase"
  Assets:Inventory:Bar                     -2 PICKUP
  Liabilities:Bar:Members:Carroarmato0      2 PICKUP
  Liabilities:Bar:Members:Carroarmato0   1.40 EUR   
  Income:Bar                            -1.40 EUR   

2021-08-01 txn "On8wr deposited €40.00"
  timestamp: "2021-08-01 18:24:53.517210"
  type: "deposit"
  Liabilities:Bar:Members:On8wr  -40.00 EUR
  Assets:Cash:Bar                 40.00 EUR

2021-08-01 txn "Sander bought 1 items for €0.60"
  timestamp: "2021-08-01 18:42:47.989693"
  type: "purchase"
  Assets:Inventory:Bar               -1 EXPIRED_DRINK
  Liabilities:Bar:Members:Sander      1 EXPIRED_DRINK
  Liabilities:Bar:Members:Sander   0.60 EUR          
  Income:Bar                      -0.60 EUR          

2021-08-01 txn "Bloemist bought 1 items for €2.00"
  timestamp: "2021-08-01 19:25:08.154778"
  type: "purchase"
  Assets:Inventory:Bar                 -1 FRITZ
  Liabilities:Bar:Members:Bloemist      1 FRITZ
  Liabilities:Bar:Members:Bloemist   2.00 EUR  
  Income:Bar                        -2.00 EUR  

2021-08-01 txn "Bloemist bought 1 items for €2.00"
  timestamp: "2021-08-01 20:41:35.284217"
  type: "purchase"
  Assets:Inventory:Bar                 -1 FRITZ
  Liabilities:Bar:Members:Bloemist      1 FRITZ
  Liabilities:Bar:Members:Bloemist   2.00 EUR  
  Income:Bar                        -2.00 EUR  

2021-08-01 txn "Sander bought 1 items for €0.60"
  timestamp: "2021-08-01 20:54:44.814771"
  type: "purchase"
  Assets:Inventory:Bar               -1 EXPIRED_DRINK
  Liabilities:Bar:Members:Sander      1 EXPIRED_DRINK
  Liabilities:Bar:Members:Sander   0.60 EUR          
  Income:Bar                      -0.60 EUR          

2021-08-01 txn "Bloemist bought 1 items for €1.50"
  timestamp: "2021-08-01 22:21:36.861058"
  type: "purchase"
  Assets:Inventory:Bar                 -1 COKE_ZERO
  Liabilities:Bar:Members:Bloemist      1 COKE_ZERO
  Liabilities:Bar:Members:Bloemist   1.50 EUR      
  Income:Bar                        -1.50 EUR      

2021-08-02 txn "Bloemist bought 1 items for €1.50"
  timestamp: "2021-08-02 00:56:16.055340"
  type: "purchase"
  Assets:Inventory:Bar                 -1 COKE_ZERO
  Liabilities:Bar:Members:Bloemist      1 COKE_ZERO
  Liabilities:Bar:Members:Bloemist   1.50 EUR      
  Income:Bar                        -1.50 EUR      

2021-08-02 txn "Bloemist bought 1 items for €2.00"
  timestamp: "2021-08-02 01:54:55.790389"
  type: "purchase"
  Assets:Inventory:Bar                 -1 CM 
  Liabilities:Bar:Members:Bloemist      1 CM 
  Liabilities:Bar:Members:Bloemist   2.00 EUR
  Income:Bar                        -2.00 EUR

2021-08-02 txn "Bloemist bought 1 items for €0.60"
  timestamp: "2021-08-02 02:00:54.991554"
  type: "purchase"
  Assets:Inventory:Bar                 -1 EXPIRED_DRINK
  Liabilities:Bar:Members:Bloemist      1 EXPIRED_DRINK
  Liabilities:Bar:Members:Bloemist   0.60 EUR          
  Income:Bar                        -0.60 EUR          

2021-08-02 txn "Yvan bought 2 items for €3.50"
  timestamp: "2021-08-02 06:38:11.925702"
  type: "purchase"
  Assets:Inventory:Bar             -1 FRITZ    
  Liabilities:Bar:Members:Yvan      1 FRITZ    
  Assets:Inventory:Bar             -1 COKE_ZERO
  Liabilities:Bar:Members:Yvan      1 COKE_ZERO
  Liabilities:Bar:Members:Yvan   3.50 EUR      
  Income:Bar                    -3.50 EUR      

2021-08-02 txn "Yvan bought 1 items for €2.00"
  timestamp: "2021-08-02 08:31:51.633816"
  type: "purchase"
  Assets:Inventory:Bar             -1 CM 
  Liabilities:Bar:Members:Yvan      1 CM 
  Liabilities:Bar:Members:Yvan   2.00 EUR
  Income:Bar                    -2.00 EUR

2021-08-02 txn "Yvan bought 3 items for €3.10"
  timestamp: "2021-08-02 11:05:18.502964"
  type: "purchase"
  Assets:Inventory:Bar             -1 PICKUP
  Liabilities:Bar:Members:Yvan      1 PICKUP
  Assets:Inventory:Bar             -2 CHIP  
  Liabilities:Bar:Members:Yvan      2 CHIP  
  Liabilities:Bar:Members:Yvan   3.10 EUR   
  Income:Bar                    -3.10 EUR   

2021-08-02 txn "Yvan bought 1 items for €1.50"
  timestamp: "2021-08-02 13:04:04.864728"
  type: "purchase"
  Assets:Inventory:Bar             -1 COKE_ZERO
  Liabilities:Bar:Members:Yvan      1 COKE_ZERO
  Liabilities:Bar:Members:Yvan   1.50 EUR      
  Income:Bar                    -1.50 EUR      

2021-08-02 txn "Carro​armato0 bought 2 items for €2.20"
  timestamp: "2021-08-02 15:59:37.986450"
  type: "purchase"
  Assets:Inventory:Bar                     -1 ICETEA
  Liabilities:Bar:Members:Carroarmato0      1 ICETEA
  Assets:Inventory:Bar                     -1 PICKUP
  Liabilities:Bar:Members:Carroarmato0      1 PICKUP
  Liabilities:Bar:Members:Carroarmato0   2.20 EUR   
  Income:Bar                            -2.20 EUR   

2021-08-02 txn "Carro​armato0 bought 2 items for €0.90"
  timestamp: "2021-08-02 17:11:30.175885"
  type: "purchase"
  Assets:Inventory:Bar                     -1 PICKUP    
  Liabilities:Bar:Members:Carroarmato0      1 PICKUP    
  Assets:Inventory:Bar                     -1 CHUPACHUPS
  Liabilities:Bar:Members:Carroarmato0      1 CHUPACHUPS
  Liabilities:Bar:Members:Carroarmato0   0.90 EUR       
  Income:Bar                            -0.90 EUR       

2021-08-03 txn "Yvan bought 1 items for €2.00"
  timestamp: "2021-08-03 07:02:52.700732"
  type: "purchase"
  Assets:Inventory:Bar             -1 CM 
  Liabilities:Bar:Members:Yvan      1 CM 
  Liabilities:Bar:Members:Yvan   2.00 EUR
  Income:Bar                    -2.00 EUR

2021-08-03 txn "Sander bought 1 items for €0.60"
  timestamp: "2021-08-03 13:21:49.179788"
  type: "purchase"
  Assets:Inventory:Bar               -1 EXPIRED_DRINK
  Liabilities:Bar:Members:Sander      1 EXPIRED_DRINK
  Liabilities:Bar:Members:Sander   0.60 EUR          
  Income:Bar                      -0.60 EUR          

2021-08-03 txn "Yvan bought 2 items for €3.50"
  timestamp: "2021-08-03 14:35:18.551545"
  type: "purchase"
  Assets:Inventory:Bar             -1 COKE_ZERO
  Liabilities:Bar:Members:Yvan      1 COKE_ZERO
  Assets:Inventory:Bar             -1 CM       
  Liabilities:Bar:Members:Yvan      1 CM       
  Liabilities:Bar:Members:Yvan   3.50 EUR      
  Income:Bar                    -3.50 EUR      

2021-08-03 txn "Yvan deposited €1.50"
  timestamp: "2021-08-03 15:35:13.631717"
  type: "deposit"
  Liabilities:Bar:Members:Yvan  -1.50 EUR
  Assets:Cash:Bar                1.50 EUR

2021-08-03 txn "Sander bought 1 items for €0.60"
  timestamp: "2021-08-03 15:35:20.587795"
  type: "purchase"
  Assets:Inventory:Bar               -1 EXPIRED_DRINK
  Liabilities:Bar:Members:Sander      1 EXPIRED_DRINK
  Liabilities:Bar:Members:Sander   0.60 EUR          
  Income:Bar                      -0.60 EUR          

2021-08-03 txn "Sander bought 1 items for €0.60"
  timestamp: "2021-08-03 19:04:29.380907"
  type: "purchase"
  Assets:Inventory:Bar               -1 EXPIRED_DRINK
  Liabilities:Bar:Members:Sander      1 EXPIRED_DRINK
  Liabilities:Bar:Members:Sander   0.60 EUR          
  Income:Bar                      -0.60 EUR          

2021-08-03 txn "Yvan bought 1 items for €0.60"
  timestamp: "2021-08-03 20:13:53.703440"
  type: "purchase"
  Assets:Inventory:Bar             -1 EXPIRED_DRINK
  Liabilities:Bar:Members:Yvan      1 EXPIRED_DRINK
  Liabilities:Bar:Members:Yvan   0.60 EUR          
  Income:Bar                    -0.60 EUR          

2021-08-04 txn "TQ bought 1 items for €2.00"
  timestamp: "2021-08-04 10:18:35.903527"
  type: "purchase"
  Assets:Inventory:Bar                -1 FRITZ
  Liabilities:Bar:Members:Thequux      1 FRITZ
  Liabilities:Bar:Members:Thequux   2.00 EUR  
  Income:Bar                       -2.00 EUR  

2021-08-04 txn "Bloemist bought 1 items for €1.20"
  timestamp: "2021-08-04 19:27:33.877866"
  type: "purchase"
  Assets:Inventory:Bar                 -1 CHIP
  Liabilities:Bar:Members:Bloemist      1 CHIP
  Liabilities:Bar:Members:Bloemist   1.20 EUR 
  Income:Bar                        -1.20 EUR 

2021-08-04 txn "Bloemist bought 1 items for €1.50"
  timestamp: "2021-08-04 21:02:21.635525"
  type: "purchase"
  Assets:Inventory:Bar                 -1 COKE
  Liabilities:Bar:Members:Bloemist      1 COKE
  Liabilities:Bar:Members:Bloemist   1.50 EUR 
  Income:Bar                        -1.50 EUR 

2021-08-04 txn "Bloemist bought 1 items for €1.50"
  timestamp: "2021-08-04 23:30:50.204066"
  type: "purchase"
  Assets:Inventory:Bar                 -1 COKE_ZERO
  Liabilities:Bar:Members:Bloemist      1 COKE_ZERO
  Liabilities:Bar:Members:Bloemist   1.50 EUR      
  Income:Bar                        -1.50 EUR      

2021-08-05 txn "Bloemist bought 1 items for €2.00"
  timestamp: "2021-08-05 00:01:05.999248"
  type: "purchase"
  Assets:Inventory:Bar                 -1 CM 
  Liabilities:Bar:Members:Bloemist      1 CM 
  Liabilities:Bar:Members:Bloemist   2.00 EUR
  Income:Bar                        -2.00 EUR

2021-08-05 txn "Yvan bought 1 items for €1.50"
  timestamp: "2021-08-05 07:18:03.018075"
  type: "purchase"
  Assets:Inventory:Bar             -1 ICETEA
  Liabilities:Bar:Members:Yvan      1 ICETEA
  Liabilities:Bar:Members:Yvan   1.50 EUR   
  Income:Bar                    -1.50 EUR   

2021-08-05 txn "Yvan bought 1 items for €0.70"
  timestamp: "2021-08-05 09:18:31.075745"
  type: "purchase"
  Assets:Inventory:Bar             -1 PICKUP
  Liabilities:Bar:Members:Yvan      1 PICKUP
  Liabilities:Bar:Members:Yvan   0.70 EUR   
  Income:Bar                    -0.70 EUR   

2021-08-05 txn "Miker bought 2 items for €4.00"
  timestamp: "2021-08-05 12:46:06.427575"
  type: "purchase"
  Assets:Inventory:Bar              -1 CMRED
  Liabilities:Bar:Members:Miker      1 CMRED
  Assets:Inventory:Bar              -1 CM   
  Liabilities:Bar:Members:Miker      1 CM   
  Liabilities:Bar:Members:Miker   4.00 EUR  
  Income:Bar                     -4.00 EUR  

2021-08-05 txn "Yvan bought 1 items for €2.00"
  timestamp: "2021-08-05 13:20:01.566145"
  type: "purchase"
  Assets:Inventory:Bar             -1 CM 
  Liabilities:Bar:Members:Yvan      1 CM 
  Liabilities:Bar:Members:Yvan   2.00 EUR
  Income:Bar                    -2.00 EUR

2021-08-05 txn "TQ bought 1 items for €2.00"
  timestamp: "2021-08-05 15:19:21.495197"
  type: "purchase"
  Assets:Inventory:Bar                -1 CMRED
  Liabilities:Bar:Members:Thequux      1 CMRED
  Liabilities:Bar:Members:Thequux   2.00 EUR  
  Income:Bar                       -2.00 EUR  

2021-08-05 txn "Ljaytee deposited €75.00"
  timestamp: "2021-08-05 15:22:09.471266"
  type: "deposit"
  Liabilities:Bar:Members:Ljaytee  -75.00 EUR
  Assets:Cash:Bar                   75.00 EUR

2021-08-05 txn "Ljaytee bought 1 items for €2.00"
  timestamp: "2021-08-05 15:22:36.439767"
  type: "purchase"
  Assets:Inventory:Bar                -1 CMRED
  Liabilities:Bar:Members:Ljaytee      1 CMRED
  Liabilities:Bar:Members:Ljaytee   2.00 EUR  
  Income:Bar                       -2.00 EUR  

2021-08-05 txn "Joris bought 18 items for €19.80"
  timestamp: "2021-08-05 16:24:15.500128"
  type: "purchase"
  Assets:Inventory:Bar              -10 JUPILER      
  Liabilities:Bar:Members:Joris      10 JUPILER      
  Assets:Inventory:Bar               -8 EXPIRED_DRINK
  Liabilities:Bar:Members:Joris       8 EXPIRED_DRINK
  Liabilities:Bar:Members:Joris   19.80 EUR          
  Income:Bar                     -19.80 EUR          

2021-08-05 txn "Sander bought 1 items for €0.60"
  timestamp: "2021-08-05 16:32:35.137104"
  type: "purchase"
  Assets:Inventory:Bar               -1 EXPIRED_DRINK
  Liabilities:Bar:Members:Sander      1 EXPIRED_DRINK
  Liabilities:Bar:Members:Sander   0.60 EUR          
  Income:Bar                      -0.60 EUR          

2021-08-05 txn "Yvan bought 2 items for €2.10"
  timestamp: "2021-08-05 16:50:56.888961"
  type: "purchase"
  Assets:Inventory:Bar             -1 EXPIRED_DRINK
  Liabilities:Bar:Members:Yvan      1 EXPIRED_DRINK
  Assets:Inventory:Bar             -1 ICETEA       
  Liabilities:Bar:Members:Yvan      1 ICETEA       
  Liabilities:Bar:Members:Yvan   2.10 EUR          
  Income:Bar                    -2.10 EUR          

2021-08-05 txn "Yvan deposited €0.60"
  timestamp: "2021-08-05 16:51:23.655667"
  type: "deposit"
  Liabilities:Bar:Members:Yvan  -0.60 EUR
  Assets:Cash:Bar                0.60 EUR

2021-08-05 txn "Ljaytee bought 3 items for €3.20"
  timestamp: "2021-08-05 16:56:16.229302"
  type: "purchase"
  Assets:Inventory:Bar                -1 CIDER 
  Liabilities:Bar:Members:Ljaytee      1 CIDER 
  Assets:Inventory:Bar                -1 MARS  
  Liabilities:Bar:Members:Ljaytee      1 MARS  
  Assets:Inventory:Bar                -1 KITKAT
  Liabilities:Bar:Members:Ljaytee      1 KITKAT
  Liabilities:Bar:Members:Ljaytee   3.20 EUR   
  Income:Bar                       -3.20 EUR   

2021-08-05 txn "Sander bought 1 items for €1.50"
  timestamp: "2021-08-05 16:57:23.487721"
  type: "purchase"
  Assets:Inventory:Bar               -1 COKE
  Liabilities:Bar:Members:Sander      1 COKE
  Liabilities:Bar:Members:Sander   1.50 EUR 
  Income:Bar                      -1.50 EUR 

2021-08-05 txn "TQ bought 2 items for €1.20"
  timestamp: "2021-08-05 17:33:45.717441"
  type: "purchase"
  Assets:Inventory:Bar                -1 SNICKERS
  Liabilities:Bar:Members:Thequux      1 SNICKERS
  Assets:Inventory:Bar                -1 MARS    
  Liabilities:Bar:Members:Thequux      1 MARS    
  Liabilities:Bar:Members:Thequux   1.20 EUR     
  Income:Bar                       -1.20 EUR     

2021-08-05 txn "Carro​armato0 bought 2 items for €1.20"
  timestamp: "2021-08-05 17:43:02.528181"
  type: "purchase"
  Assets:Inventory:Bar                     -1 BOUNTY
  Liabilities:Bar:Members:Carroarmato0      1 BOUNTY
  Assets:Inventory:Bar                     -1 TWIX  
  Liabilities:Bar:Members:Carroarmato0      1 TWIX  
  Liabilities:Bar:Members:Carroarmato0   1.20 EUR   
  Income:Bar                            -1.20 EUR   

2021-08-05 txn "Ljaytee bought 2 items for €2.10"
  timestamp: "2021-08-05 17:55:51.532161"
  type: "purchase"
  Assets:Inventory:Bar                -1 MARS 
  Liabilities:Bar:Members:Ljaytee      1 MARS 
  Assets:Inventory:Bar                -1 KRIEK
  Liabilities:Bar:Members:Ljaytee      1 KRIEK
  Liabilities:Bar:Members:Ljaytee   2.10 EUR  
  Income:Bar                       -2.10 EUR  

2021-08-05 txn "Evils bought 1 items for €1.50"
  timestamp: "2021-08-05 17:57:41.125918"
  type: "purchase"
  Assets:Inventory:Bar              -1 ICETEA
  Liabilities:Bar:Members:Elvis      1 ICETEA
  Liabilities:Bar:Members:Elvis   1.50 EUR   
  Income:Bar                     -1.50 EUR   

2021-08-05 txn "Thomas bought 1 items for €4.00"
  timestamp: "2021-08-05 18:12:08.003216"
  type: "purchase"
  Assets:Inventory:Bar               -1 CHIMAY
  Liabilities:Bar:Members:Thomas      1 CHIMAY
  Liabilities:Bar:Members:Thomas   4.00 EUR   
  Income:Bar                      -4.00 EUR   

2021-08-05 txn "Thomas deposited €20.00"
  timestamp: "2021-08-05 18:13:18.229142"
  type: "deposit"
  Liabilities:Bar:Members:Thomas  -20.00 EUR
  Assets:Cash:Bar                  20.00 EUR

2021-08-05 txn "Carro​armato0 bought 1 items for €0.60"
  timestamp: "2021-08-05 18:15:24.387034"
  type: "purchase"
  Assets:Inventory:Bar                     -1 TWIX
  Liabilities:Bar:Members:Carroarmato0      1 TWIX
  Liabilities:Bar:Members:Carroarmato0   0.60 EUR 
  Income:Bar                            -0.60 EUR 

2021-08-05 txn "Sander bought 1 items for €1.50"
  timestamp: "2021-08-05 18:15:44.478524"
  type: "purchase"
  Assets:Inventory:Bar               -1 COKE
  Liabilities:Bar:Members:Sander      1 COKE
  Liabilities:Bar:Members:Sander   1.50 EUR 
  Income:Bar                      -1.50 EUR 

2021-08-05 txn "TQ bought 1 items for €2.00"
  timestamp: "2021-08-05 18:35:00.041153"
  type: "purchase"
  Assets:Inventory:Bar                -1 CIDER
  Liabilities:Bar:Members:Thequux      1 CIDER
  Liabilities:Bar:Members:Thequux   2.00 EUR  
  Income:Bar                       -2.00 EUR  

2021-08-05 txn "Miker bought 2 items for €2.10"
  timestamp: "2021-08-05 19:06:33.849945"
  type: "purchase"
  Assets:Inventory:Bar              -1 COKE
  Liabilities:Bar:Members:Miker      1 COKE
  Assets:Inventory:Bar              -1 MARS
  Liabilities:Bar:Members:Miker      1 MARS
  Liabilities:Bar:Members:Miker   2.10 EUR 
  Income:Bar                     -2.10 EUR 

2021-08-05 txn "Stefaan bought 2 items for €2.10"
  timestamp: "2021-08-05 19:18:34.623301"
  type: "purchase"
  Assets:Inventory:Bar                -1 FANTA 
  Liabilities:Bar:Members:Stefaan      1 FANTA 
  Assets:Inventory:Bar                -1 KITKAT
  Liabilities:Bar:Members:Stefaan      1 KITKAT
  Liabilities:Bar:Members:Stefaan   2.10 EUR   
  Income:Bar                       -2.10 EUR   

2021-08-05 txn "Thomas bought 2 items for €2.70"
  timestamp: "2021-08-05 19:19:04.535824"
  type: "purchase"
  Assets:Inventory:Bar               -1 HG  
  Liabilities:Bar:Members:Thomas      1 HG  
  Assets:Inventory:Bar               -1 CHIP
  Liabilities:Bar:Members:Thomas      1 CHIP
  Liabilities:Bar:Members:Thomas   2.70 EUR 
  Income:Bar                      -2.70 EUR 

2021-08-05 txn "Ljaytee bought 1 items for €1.50"
  timestamp: "2021-08-05 19:41:42.459045"
  type: "purchase"
  Assets:Inventory:Bar                -1 KRIEK
  Liabilities:Bar:Members:Ljaytee      1 KRIEK
  Liabilities:Bar:Members:Ljaytee   1.50 EUR  
  Income:Bar                       -1.50 EUR  

2021-08-05 txn "Thomas bought 2 items for €2.70"
  timestamp: "2021-08-05 20:00:36.759741"
  type: "purchase"
  Assets:Inventory:Bar               -1 KRIEK
  Liabilities:Bar:Members:Thomas      1 KRIEK
  Assets:Inventory:Bar               -1 CHIP 
  Liabilities:Bar:Members:Thomas      1 CHIP 
  Liabilities:Bar:Members:Thomas   2.70 EUR  
  Income:Bar                      -2.70 EUR  

2021-08-05 txn "Miker bought 1 items for €4.00"
  timestamp: "2021-08-05 20:23:11.027732"
  type: "purchase"
  Assets:Inventory:Bar              -1 CHIMAY
  Liabilities:Bar:Members:Miker      1 CHIMAY
  Liabilities:Bar:Members:Miker   4.00 EUR   
  Income:Bar                     -4.00 EUR   

2021-08-05 txn "Stefaan bought 1 items for €0.60"
  timestamp: "2021-08-05 20:27:19.675915"
  type: "purchase"
  Assets:Inventory:Bar                -1 MARS
  Liabilities:Bar:Members:Stefaan      1 MARS
  Liabilities:Bar:Members:Stefaan   0.60 EUR 
  Income:Bar                       -0.60 EUR 

2021-08-05 txn "Thomas bought 1 items for €2.00"
  timestamp: "2021-08-05 20:37:22.399256"
  type: "purchase"
  Assets:Inventory:Bar               -1 CIDER
  Liabilities:Bar:Members:Thomas      1 CIDER
  Liabilities:Bar:Members:Thomas   2.00 EUR  
  Income:Bar                      -2.00 EUR  

2021-08-05 txn "Bloemist bought 2 items for €2.20"
  timestamp: "2021-08-05 20:40:33.613231"
  type: "purchase"
  Assets:Inventory:Bar                 -1 SCHWEPPES
  Liabilities:Bar:Members:Bloemist      1 SCHWEPPES
  Assets:Inventory:Bar                 -1 PICKUP   
  Liabilities:Bar:Members:Bloemist      1 PICKUP   
  Liabilities:Bar:Members:Bloemist   2.20 EUR      
  Income:Bar                        -2.20 EUR      

2021-08-05 txn "qwaxys bought 1 items for €1.50"
  timestamp: "2021-08-05 20:47:20.837391"
  type: "purchase"
  Assets:Inventory:Bar             -1 FANTA
  Liabilities:Bar:Members:Bart      1 FANTA
  Liabilities:Bar:Members:Bart   1.50 EUR  
  Income:Bar                    -1.50 EUR  

2021-08-05 txn "Thomas bought 1 items for €4.00"
  timestamp: "2021-08-05 21:08:42.491304"
  type: "purchase"
  Assets:Inventory:Bar               -1 CHIMAY
  Liabilities:Bar:Members:Thomas      1 CHIMAY
  Liabilities:Bar:Members:Thomas   4.00 EUR   
  Income:Bar                      -4.00 EUR   

2021-08-05 txn "Evils bought 1 items for €0.60"
  timestamp: "2021-08-05 21:13:06.791813"
  type: "purchase"
  Assets:Inventory:Bar              -1 KITKAT
  Liabilities:Bar:Members:Elvis      1 KITKAT
  Liabilities:Bar:Members:Elvis   0.60 EUR   
  Income:Bar                     -0.60 EUR   

2021-08-05 txn "Sander bought 1 items for €1.50"
  timestamp: "2021-08-05 21:41:55.539813"
  type: "purchase"
  Assets:Inventory:Bar               -1 COKE
  Liabilities:Bar:Members:Sander      1 COKE
  Liabilities:Bar:Members:Sander   1.50 EUR 
  Income:Bar                      -1.50 EUR 

2021-08-05 txn "Els bought 1 items for €0.60"
  timestamp: "2021-08-05 21:51:21.499810"
  type: "purchase"
  Assets:Inventory:Bar            -1 KITKAT
  Liabilities:Bar:Members:Els      1 KITKAT
  Liabilities:Bar:Members:Els   0.60 EUR   
  Income:Bar                   -0.60 EUR   

2021-08-05 txn "Thomas bought 1 items for €2.00"
  timestamp: "2021-08-05 21:55:19.847978"
  type: "purchase"
  Assets:Inventory:Bar               -1 CIDER
  Liabilities:Bar:Members:Thomas      1 CIDER
  Liabilities:Bar:Members:Thomas   2.00 EUR  
  Income:Bar                      -2.00 EUR  

2021-08-05 txn "Thomas bought 1 items for €0.60"
  timestamp: "2021-08-05 21:55:57.571744"
  type: "purchase"
  Assets:Inventory:Bar               -1 SNICKERS
  Liabilities:Bar:Members:Thomas      1 SNICKERS
  Liabilities:Bar:Members:Thomas   0.60 EUR     
  Income:Bar                      -0.60 EUR     

2021-08-05 txn "Miker bought 1 items for €1.50"
  timestamp: "2021-08-05 21:58:10.347793"
  type: "purchase"
  Assets:Inventory:Bar              -1 COKE
  Liabilities:Bar:Members:Miker      1 COKE
  Liabilities:Bar:Members:Miker   1.50 EUR 
  Income:Bar                     -1.50 EUR 

2021-08-05 txn "Yvan bought 2 items for €2.10"
  timestamp: "2021-08-05 22:11:19.499964"
  type: "purchase"
  Assets:Inventory:Bar             -1 FANTA 
  Liabilities:Bar:Members:Yvan      1 FANTA 
  Assets:Inventory:Bar             -1 KITKAT
  Liabilities:Bar:Members:Yvan      1 KITKAT
  Liabilities:Bar:Members:Yvan   2.10 EUR   
  Income:Bar                    -2.10 EUR   

2021-08-05 txn "Evils bought 1 items for €1.50"
  timestamp: "2021-08-05 22:31:08.617107"
  type: "purchase"
  Assets:Inventory:Bar              -1 FANTA
  Liabilities:Bar:Members:Elvis      1 FANTA
  Liabilities:Bar:Members:Elvis   1.50 EUR  
  Income:Bar                     -1.50 EUR  

2021-08-05 txn "Bloemist bought 1 items for €1.50"
  timestamp: "2021-08-05 22:32:46.491463"
  type: "purchase"
  Assets:Inventory:Bar                 -1 COKE
  Liabilities:Bar:Members:Bloemist      1 COKE
  Liabilities:Bar:Members:Bloemist   1.50 EUR 
  Income:Bar                        -1.50 EUR 

2021-08-05 txn "qwaxys bought 1 items for €1.50"
  timestamp: "2021-08-05 22:44:27.475686"
  type: "purchase"
  Assets:Inventory:Bar             -1 FANTA
  Liabilities:Bar:Members:Bart      1 FANTA
  Liabilities:Bar:Members:Bart   1.50 EUR  
  Income:Bar                    -1.50 EUR  

2021-08-05 txn "qwaxys bought 1 items for €0.60"
  timestamp: "2021-08-05 22:51:04.866241"
  type: "purchase"
  Assets:Inventory:Bar             -1 SNICKERS
  Liabilities:Bar:Members:Bart      1 SNICKERS
  Liabilities:Bar:Members:Bart   0.60 EUR     
  Income:Bar                    -0.60 EUR     

2021-08-05 txn "Bloemist gave qwaxys a gift of €0.60"
  timestamp: "2021-08-05 22:51:34.341047"
  type: "transfer"
  Liabilities:Bar:Members:Bloemist   0.60 EUR
  Liabilities:Bar:Members:Bart      -0.60 EUR

2021-08-05 txn "Bloemist bought 1 items for €0.60"
  timestamp: "2021-08-05 22:52:26.185988"
  type: "purchase"
  Assets:Inventory:Bar                 -1 TWIX
  Liabilities:Bar:Members:Bloemist      1 TWIX
  Liabilities:Bar:Members:Bloemist   0.60 EUR 
  Income:Bar                        -0.60 EUR 

2021-08-06 txn "Bloemist bought 1 items for €0.60"
  timestamp: "2021-08-06 00:06:14.444461"
  type: "purchase"
  Assets:Inventory:Bar                 -1 EXPIRED_DRINK
  Liabilities:Bar:Members:Bloemist      1 EXPIRED_DRINK
  Liabilities:Bar:Members:Bloemist   0.60 EUR          
  Income:Bar                        -0.60 EUR          

2021-08-06 txn "Bloemist gave Sander a gift of €14.90"
  timestamp: "2021-08-06 00:08:51.697338"
  type: "transfer"
  Liabilities:Bar:Members:Bloemist   14.90 EUR
  Liabilities:Bar:Members:Sander    -14.90 EUR

2021-08-06 txn "Bloemist deposited €100.00"
  timestamp: "2021-08-06 00:08:59.491806"
  type: "deposit"
  Liabilities:Bar:Members:Bloemist  -100.00 EUR
  Assets:Cash:Bar                    100.00 EUR

2021-08-06 txn "Sander bought 2 items for €1.20"
  timestamp: "2021-08-06 00:09:38.744204"
  type: "purchase"
  Assets:Inventory:Bar               -1 EXPIRED_DRINK
  Liabilities:Bar:Members:Sander      1 EXPIRED_DRINK
  Assets:Inventory:Bar               -1 BOUNTY       
  Liabilities:Bar:Members:Sander      1 BOUNTY       
  Liabilities:Bar:Members:Sander   1.20 EUR          
  Income:Bar                      -1.20 EUR          

2021-08-06 txn "Evils bought 1 items for €0.60"
  timestamp: "2021-08-06 00:25:37.647779"
  type: "purchase"
  Assets:Inventory:Bar              -1 BOUNTY
  Liabilities:Bar:Members:Elvis      1 BOUNTY
  Liabilities:Bar:Members:Elvis   0.60 EUR   
  Income:Bar                     -0.60 EUR   

2021-08-06 txn "Bloemist bought 1 items for €2.00"
  timestamp: "2021-08-06 01:06:55.938937"
  type: "purchase"
  Assets:Inventory:Bar                 -1 CM 
  Liabilities:Bar:Members:Bloemist      1 CM 
  Liabilities:Bar:Members:Bloemist   2.00 EUR
  Income:Bar                        -2.00 EUR

2021-08-06 txn "Yvan bought 1 items for €1.50"
  timestamp: "2021-08-06 07:30:55.543908"
  type: "purchase"
  Assets:Inventory:Bar             -1 ICETEA
  Liabilities:Bar:Members:Yvan      1 ICETEA
  Liabilities:Bar:Members:Yvan   1.50 EUR   
  Income:Bar                    -1.50 EUR   

2021-08-06 txn "Yvan bought 1 items for €1.50"
  timestamp: "2021-08-06 10:13:00.876535"
  type: "purchase"
  Assets:Inventory:Bar             -1 COKE
  Liabilities:Bar:Members:Yvan      1 COKE
  Liabilities:Bar:Members:Yvan   1.50 EUR 
  Income:Bar                    -1.50 EUR 

2021-08-06 txn "Sander bought 1 items for €1.50"
  timestamp: "2021-08-06 12:07:26.927751"
  type: "purchase"
  Assets:Inventory:Bar               -1 COKE
  Liabilities:Bar:Members:Sander      1 COKE
  Liabilities:Bar:Members:Sander   1.50 EUR 
  Income:Bar                      -1.50 EUR 

2021-08-06 txn "Ljaytee bought 1 items for €2.00"
  timestamp: "2021-08-06 12:31:47.933165"
  type: "purchase"
  Assets:Inventory:Bar                -1 CMRED
  Liabilities:Bar:Members:Ljaytee      1 CMRED
  Liabilities:Bar:Members:Ljaytee   2.00 EUR  
  Income:Bar                       -2.00 EUR  

2021-08-06 txn "TQ bought 1 items for €2.00"
  timestamp: "2021-08-06 13:05:40.126983"
  type: "purchase"
  Assets:Inventory:Bar                -1 CMRED
  Liabilities:Bar:Members:Thequux      1 CMRED
  Liabilities:Bar:Members:Thequux   2.00 EUR  
  Income:Bar                       -2.00 EUR  

2021-08-06 txn "Yvan bought 1 items for €1.50"
  timestamp: "2021-08-06 15:28:55.247150"
  type: "purchase"
  Assets:Inventory:Bar             -1 FANTA
  Liabilities:Bar:Members:Yvan      1 FANTA
  Liabilities:Bar:Members:Yvan   1.50 EUR  
  Income:Bar                    -1.50 EUR  

2021-08-06 txn "Ljaytee bought 3 items for €3.20"
  timestamp: "2021-08-06 15:31:26.135380"
  type: "purchase"
  Assets:Inventory:Bar                -2 KITKAT
  Liabilities:Bar:Members:Ljaytee      2 KITKAT
  Assets:Inventory:Bar                -1 CMRED 
  Liabilities:Bar:Members:Ljaytee      1 CMRED 
  Liabilities:Bar:Members:Ljaytee   3.20 EUR   
  Income:Bar                       -3.20 EUR   

2021-08-06 txn "Ljaytee bought 1 items for €1.20"
  timestamp: "2021-08-06 15:43:53.675135"
  type: "purchase"
  Assets:Inventory:Bar                -1 CHIP
  Liabilities:Bar:Members:Ljaytee      1 CHIP
  Liabilities:Bar:Members:Ljaytee   1.20 EUR 
  Income:Bar                       -1.20 EUR 

2021-08-06 txn "Yvan bought 2 items for €1.20"
  timestamp: "2021-08-06 16:29:43.723585"
  type: "purchase"
  Assets:Inventory:Bar             -2 KITKAT
  Liabilities:Bar:Members:Yvan      2 KITKAT
  Liabilities:Bar:Members:Yvan   1.20 EUR   
  Income:Bar                    -1.20 EUR   

2021-08-06 txn "Yvan bought 1 items for €1.50"
  timestamp: "2021-08-06 18:08:46.467466"
  type: "purchase"
  Assets:Inventory:Bar             -1 ICETEA
  Liabilities:Bar:Members:Yvan      1 ICETEA
  Liabilities:Bar:Members:Yvan   1.50 EUR   
  Income:Bar                    -1.50 EUR   

2021-08-06 txn "Evils bought 1 items for €2.00"
  timestamp: "2021-08-06 18:09:24.032780"
  type: "purchase"
  Assets:Inventory:Bar              -1 CM 
  Liabilities:Bar:Members:Elvis      1 CM 
  Liabilities:Bar:Members:Elvis   2.00 EUR
  Income:Bar                     -2.00 EUR

2021-08-06 txn "Sander bought 1 items for €0.60"
  timestamp: "2021-08-06 18:24:37.961250"
  type: "purchase"
  Assets:Inventory:Bar               -1 ICE_CREAM
  Liabilities:Bar:Members:Sander      1 ICE_CREAM
  Liabilities:Bar:Members:Sander   0.60 EUR      
  Income:Bar                      -0.60 EUR      

2021-08-06 txn "Ljaytee bought 2 items for €2.10"
  timestamp: "2021-08-06 19:46:23.475909"
  type: "purchase"
  Assets:Inventory:Bar                -1 MARS 
  Liabilities:Bar:Members:Ljaytee      1 MARS 
  Assets:Inventory:Bar                -1 FANTA
  Liabilities:Bar:Members:Ljaytee      1 FANTA
  Liabilities:Bar:Members:Ljaytee   2.10 EUR  
  Income:Bar                       -2.10 EUR  

2021-08-06 txn "Yvan bought 1 items for €1.50"
  timestamp: "2021-08-06 20:22:11.929257"
  type: "purchase"
  Assets:Inventory:Bar             -1 FANTA
  Liabilities:Bar:Members:Yvan      1 FANTA
  Liabilities:Bar:Members:Yvan   1.50 EUR  
  Income:Bar                    -1.50 EUR  

2021-08-06 txn "TQ bought 2 items for €1.20"
  timestamp: "2021-08-06 20:28:43.352287"
  type: "purchase"
  Assets:Inventory:Bar                -1 BOUNTY
  Liabilities:Bar:Members:Thequux      1 BOUNTY
  Assets:Inventory:Bar                -1 MARS  
  Liabilities:Bar:Members:Thequux      1 MARS  
  Liabilities:Bar:Members:Thequux   1.20 EUR   
  Income:Bar                       -1.20 EUR   

2021-08-06 txn "Evils bought 1 items for €0.60"
  timestamp: "2021-08-06 20:28:56.995891"
  type: "purchase"
  Assets:Inventory:Bar              -1 SNICKERS
  Liabilities:Bar:Members:Elvis      1 SNICKERS
  Liabilities:Bar:Members:Elvis   0.60 EUR     
  Income:Bar                     -0.60 EUR     

2021-08-06 txn "Sander bought 1 items for €2.00"
  timestamp: "2021-08-06 20:31:52.788191"
  type: "purchase"
  Assets:Inventory:Bar               -1 PIZZA
  Liabilities:Bar:Members:Sander      1 PIZZA
  Liabilities:Bar:Members:Sander   2.00 EUR  
  Income:Bar                      -2.00 EUR  

2021-08-06 txn "Sander bought 1 items for €1.50"
  timestamp: "2021-08-06 20:50:57.570210"
  type: "purchase"
  Assets:Inventory:Bar               -1 COKE
  Liabilities:Bar:Members:Sander      1 COKE
  Liabilities:Bar:Members:Sander   1.50 EUR 
  Income:Bar                      -1.50 EUR 

2021-08-06 txn "Evils gave TQ a gift of €1.51"
  timestamp: "2021-08-06 23:12:19.729266"
  type: "transfer"
  Liabilities:Bar:Members:Elvis     1.51 EUR
  Liabilities:Bar:Members:Thequux  -1.51 EUR

2021-08-07 txn "Bloemist bought 2 items for €1.20"
  timestamp: "2021-08-07 20:15:23.896585"
  type: "purchase"
  Assets:Inventory:Bar                 -2 SNACK
  Liabilities:Bar:Members:Bloemist      2 SNACK
  Liabilities:Bar:Members:Bloemist   1.20 EUR  
  Income:Bar                        -1.20 EUR  

2021-08-08 txn "Yvan bought 1 items for €1.50"
  timestamp: "2021-08-08 10:18:13.580730"
  type: "purchase"
  Assets:Inventory:Bar             -1 ICETEA
  Liabilities:Bar:Members:Yvan      1 ICETEA
  Liabilities:Bar:Members:Yvan   1.50 EUR   
  Income:Bar                    -1.50 EUR   

2021-08-08 txn "Sander bought 1 items for €1.50"
  timestamp: "2021-08-08 10:41:47.243760"
  type: "purchase"
  Assets:Inventory:Bar               -1 COKE
  Liabilities:Bar:Members:Sander      1 COKE
  Liabilities:Bar:Members:Sander   1.50 EUR 
  Income:Bar                      -1.50 EUR 

2021-08-08 txn "Carro​armato0 bought 2 items for €1.20"
  timestamp: "2021-08-08 11:17:42.828554"
  type: "purchase"
  Assets:Inventory:Bar                     -1 KITKAT
  Liabilities:Bar:Members:Carroarmato0      1 KITKAT
  Assets:Inventory:Bar                     -1 TWIX  
  Liabilities:Bar:Members:Carroarmato0      1 TWIX  
  Liabilities:Bar:Members:Carroarmato0   1.20 EUR   
  Income:Bar                            -1.20 EUR   

2021-08-08 txn "Yvan bought 1 items for €1.50"
  timestamp: "2021-08-08 11:24:09.523168"
  type: "purchase"
  Assets:Inventory:Bar             -1 ICETEA
  Liabilities:Bar:Members:Yvan      1 ICETEA
  Liabilities:Bar:Members:Yvan   1.50 EUR   
  Income:Bar                    -1.50 EUR   

2021-08-08 txn "Carro​armato0 bought 2 items for €2.70"
  timestamp: "2021-08-08 11:26:46.633886"
  type: "purchase"
  Assets:Inventory:Bar                     -1 ICETEA
  Liabilities:Bar:Members:Carroarmato0      1 ICETEA
  Assets:Inventory:Bar                     -1 CHIP  
  Liabilities:Bar:Members:Carroarmato0      1 CHIP  
  Liabilities:Bar:Members:Carroarmato0   2.70 EUR   
  Income:Bar                            -2.70 EUR   

2021-08-08 txn "Carro​armato0 bought 2 items for €1.30"
  timestamp: "2021-08-08 12:58:47.231599"
  type: "purchase"
  Assets:Inventory:Bar                     -1 PICKUP
  Liabilities:Bar:Members:Carroarmato0      1 PICKUP
  Assets:Inventory:Bar                     -1 BOUNTY
  Liabilities:Bar:Members:Carroarmato0      1 BOUNTY
  Liabilities:Bar:Members:Carroarmato0   1.30 EUR   
  Income:Bar                            -1.30 EUR   

2021-08-08 txn "Yvan bought 2 items for €2.10"
  timestamp: "2021-08-08 13:10:25.936162"
  type: "purchase"
  Assets:Inventory:Bar             -1 ICETEA
  Liabilities:Bar:Members:Yvan      1 ICETEA
  Assets:Inventory:Bar             -1 KITKAT
  Liabilities:Bar:Members:Yvan      1 KITKAT
  Liabilities:Bar:Members:Yvan   2.10 EUR   
  Income:Bar                    -2.10 EUR   

2021-08-08 txn "Carro​armato0 bought 1 items for €1.50"
  timestamp: "2021-08-08 13:24:41.314018"
  type: "purchase"
  Assets:Inventory:Bar                     -1 COKE
  Liabilities:Bar:Members:Carroarmato0      1 COKE
  Liabilities:Bar:Members:Carroarmato0   1.50 EUR 
  Income:Bar                            -1.50 EUR 

2021-08-08 txn "qwaxys bought 1 items for €1.50"
  timestamp: "2021-08-08 14:18:50.015728"
  type: "purchase"
  Assets:Inventory:Bar             -1 SCHWEPPES
  Liabilities:Bar:Members:Bart      1 SCHWEPPES
  Liabilities:Bar:Members:Bart   1.50 EUR      
  Income:Bar                    -1.50 EUR      

2021-08-08 txn "Yvan bought 2 items for €1.20"
  timestamp: "2021-08-08 14:37:30.643221"
  type: "purchase"
  Assets:Inventory:Bar             -2 TWIX
  Liabilities:Bar:Members:Yvan      2 TWIX
  Liabilities:Bar:Members:Yvan   1.20 EUR 
  Income:Bar                    -1.20 EUR 

2021-08-08 txn "qwaxys bought 1 items for €1.50"
  timestamp: "2021-08-08 14:40:51.484361"
  type: "purchase"
  Assets:Inventory:Bar             -1 COKE
  Liabilities:Bar:Members:Bart      1 COKE
  Liabilities:Bar:Members:Bart   1.50 EUR 
  Income:Bar                    -1.50 EUR 

2021-08-08 txn "Bloemist bought 2 items for €1.20"
  timestamp: "2021-08-08 15:11:34.056583"
  type: "purchase"
  Assets:Inventory:Bar                 -2 SNACK
  Liabilities:Bar:Members:Bloemist      2 SNACK
  Liabilities:Bar:Members:Bloemist   1.20 EUR  
  Income:Bar                        -1.20 EUR  

2021-08-08 txn "Evils bought 1 items for €1.50"
  timestamp: "2021-08-08 16:22:42.629163"
  type: "purchase"
  Assets:Inventory:Bar              -1 SCHWEPPES
  Liabilities:Bar:Members:Elvis      1 SCHWEPPES
  Liabilities:Bar:Members:Elvis   1.50 EUR      
  Income:Bar                     -1.50 EUR      

2021-08-08 txn "Sander bought 1 items for €1.50"
  timestamp: "2021-08-08 16:44:44.691803"
  type: "purchase"
  Assets:Inventory:Bar               -1 COKE
  Liabilities:Bar:Members:Sander      1 COKE
  Liabilities:Bar:Members:Sander   1.50 EUR 
  Income:Bar                      -1.50 EUR 

2021-08-08 txn "Ljaytee bought 2 items for €2.60"
  timestamp: "2021-08-08 17:48:59.665887"
  type: "purchase"
  Assets:Inventory:Bar                -1 CMRED
  Liabilities:Bar:Members:Ljaytee      1 CMRED
  Assets:Inventory:Bar                -1 MARS 
  Liabilities:Bar:Members:Ljaytee      1 MARS 
  Liabilities:Bar:Members:Ljaytee   2.60 EUR  
  Income:Bar                       -2.60 EUR  

2021-08-08 txn "Carro​armato0 deposited €30.00"
  timestamp: "2021-08-08 17:58:49.414271"
  type: "deposit"
  Liabilities:Bar:Members:Carroarmato0  -30.00 EUR
  Assets:Cash:Bar                        30.00 EUR

2021-08-08 txn "Carro​armato0 bought 1 items for €1.50"
  timestamp: "2021-08-08 18:06:39.612982"
  type: "purchase"
  Assets:Inventory:Bar                     -1 COKE
  Liabilities:Bar:Members:Carroarmato0      1 COKE
  Liabilities:Bar:Members:Carroarmato0   1.50 EUR 
  Income:Bar                            -1.50 EUR 

2021-08-08 txn "Carro​armato0 bought 2 items for €2.10"
  timestamp: "2021-08-08 18:07:15.901706"
  type: "purchase"
  Assets:Inventory:Bar                     -1 ICETEA
  Liabilities:Bar:Members:Carroarmato0      1 ICETEA
  Assets:Inventory:Bar                     -1 BOUNTY
  Liabilities:Bar:Members:Carroarmato0      1 BOUNTY
  Liabilities:Bar:Members:Carroarmato0   2.10 EUR   
  Income:Bar                            -2.10 EUR   

2021-08-08 txn "Evils bought 1 items for €1.50"
  timestamp: "2021-08-08 19:25:59.439522"
  type: "purchase"
  Assets:Inventory:Bar              -1 FANTA
  Liabilities:Bar:Members:Elvis      1 FANTA
  Liabilities:Bar:Members:Elvis   1.50 EUR  
  Income:Bar                     -1.50 EUR  

2021-08-08 txn "Ljaytee bought 1 items for €2.00"
  timestamp: "2021-08-08 19:47:49.497612"
  type: "purchase"
  Assets:Inventory:Bar                -1 CIDER
  Liabilities:Bar:Members:Ljaytee      1 CIDER
  Liabilities:Bar:Members:Ljaytee   2.00 EUR  
  Income:Bar                       -2.00 EUR  

2021-08-08 txn "Carro​armato0 gave Evils a gift of €1.00"
  timestamp: "2021-08-08 20:00:37.279328"
  type: "transfer"
  Liabilities:Bar:Members:Carroarmato0   1.00 EUR
  Liabilities:Bar:Members:Elvis         -1.00 EUR

2021-08-08 txn "Evils bought 1 items for €1.20"
  timestamp: "2021-08-08 21:16:47.903151"
  type: "purchase"
  Assets:Inventory:Bar              -1 CHIP
  Liabilities:Bar:Members:Elvis      1 CHIP
  Liabilities:Bar:Members:Elvis   1.20 EUR 
  Income:Bar                     -1.20 EUR 

2021-08-08 txn "TQ bought 3 items for €1.80"
  timestamp: "2021-08-08 21:38:37.512160"
  type: "purchase"
  Assets:Inventory:Bar                -1 BOUNTY  
  Liabilities:Bar:Members:Thequux      1 BOUNTY  
  Assets:Inventory:Bar                -1 SNICKERS
  Liabilities:Bar:Members:Thequux      1 SNICKERS
  Assets:Inventory:Bar                -1 TWIX    
  Liabilities:Bar:Members:Thequux      1 TWIX    
  Liabilities:Bar:Members:Thequux   1.80 EUR     
  Income:Bar                       -1.80 EUR     

2021-08-08 txn "Bloemist bought 1 items for €0.70"
  timestamp: "2021-08-08 21:48:15.647675"
  type: "purchase"
  Assets:Inventory:Bar                 -1 PICKUP
  Liabilities:Bar:Members:Bloemist      1 PICKUP
  Liabilities:Bar:Members:Bloemist   0.70 EUR   
  Income:Bar                        -0.70 EUR   

2021-08-08 txn "Evils bought 1 items for €0.60"
  timestamp: "2021-08-08 21:48:27.192465"
  type: "purchase"
  Assets:Inventory:Bar              -1 KITKAT
  Liabilities:Bar:Members:Elvis      1 KITKAT
  Liabilities:Bar:Members:Elvis   0.60 EUR   
  Income:Bar                     -0.60 EUR   

2021-08-08 txn "qwaxys bought 1 items for €4.00"
  timestamp: "2021-08-08 21:50:07.604949"
  type: "purchase"
  Assets:Inventory:Bar             -1 CHIMAY
  Liabilities:Bar:Members:Bart      1 CHIMAY
  Liabilities:Bar:Members:Bart   4.00 EUR   
  Income:Bar                    -4.00 EUR   

2021-08-08 txn "Bloemist bought 1 items for €1.50"
  timestamp: "2021-08-08 21:55:44.884464"
  type: "purchase"
  Assets:Inventory:Bar                 -1 ICETEA
  Liabilities:Bar:Members:Bloemist      1 ICETEA
  Liabilities:Bar:Members:Bloemist   1.50 EUR   
  Income:Bar                        -1.50 EUR   

2021-08-08 txn "Bloemist bought 1 items for €1.50"
  timestamp: "2021-08-08 22:35:00.580826"
  type: "purchase"
  Assets:Inventory:Bar                 -1 ICETEA
  Liabilities:Bar:Members:Bloemist      1 ICETEA
  Liabilities:Bar:Members:Bloemist   1.50 EUR   
  Income:Bar                        -1.50 EUR   

2021-08-09 txn "Bloemist bought 3 items for €2.70"
  timestamp: "2021-08-09 00:09:13.898833"
  type: "purchase"
  Assets:Inventory:Bar                 -1 JUPILER
  Liabilities:Bar:Members:Bloemist      1 JUPILER
  Assets:Inventory:Bar                 -2 SNACK  
  Liabilities:Bar:Members:Bloemist      2 SNACK  
  Liabilities:Bar:Members:Bloemist   2.70 EUR    
  Income:Bar                        -2.70 EUR    

2021-08-09 txn "Yvan bought 1 items for €1.50"
  timestamp: "2021-08-09 06:14:31.671155"
  type: "purchase"
  Assets:Inventory:Bar             -1 ICETEA
  Liabilities:Bar:Members:Yvan      1 ICETEA
  Liabilities:Bar:Members:Yvan   1.50 EUR   
  Income:Bar                    -1.50 EUR   

2021-08-09 txn "Yvan bought 1 items for €0.60"
  timestamp: "2021-08-09 07:55:47.498471"
  type: "purchase"
  Assets:Inventory:Bar             -1 KITKAT
  Liabilities:Bar:Members:Yvan      1 KITKAT
  Liabilities:Bar:Members:Yvan   0.60 EUR   
  Income:Bar                    -0.60 EUR   

2021-08-09 txn "Yvan bought 1 items for €2.00"
  timestamp: "2021-08-09 08:10:24.992512"
  type: "purchase"
  Assets:Inventory:Bar             -1 CM 
  Liabilities:Bar:Members:Yvan      1 CM 
  Liabilities:Bar:Members:Yvan   2.00 EUR
  Income:Bar                    -2.00 EUR

2021-08-09 txn "Sander bought 1 items for €1.50"
  timestamp: "2021-08-09 11:44:17.242155"
  type: "purchase"
  Assets:Inventory:Bar               -1 ICETEA
  Liabilities:Bar:Members:Sander      1 ICETEA
  Liabilities:Bar:Members:Sander   1.50 EUR   
  Income:Bar                      -1.50 EUR   

2021-08-09 txn "Yvan bought 2 items for €1.20"
  timestamp: "2021-08-09 11:46:10.639654"
  type: "purchase"
  Assets:Inventory:Bar             -2 ICE_CREAM
  Liabilities:Bar:Members:Yvan      2 ICE_CREAM
  Liabilities:Bar:Members:Yvan   1.20 EUR      
  Income:Bar                    -1.20 EUR      

2021-08-09 txn "Yvan bought 1 items for €1.50"
  timestamp: "2021-08-09 11:53:49.721305"
  type: "purchase"
  Assets:Inventory:Bar             -1 FANTA
  Liabilities:Bar:Members:Yvan      1 FANTA
  Liabilities:Bar:Members:Yvan   1.50 EUR  
  Income:Bar                    -1.50 EUR  

2021-08-09 txn "Sander bought 1 items for €0.60"
  timestamp: "2021-08-09 17:29:59.139903"
  type: "purchase"
  Assets:Inventory:Bar               -1 BOUNTY
  Liabilities:Bar:Members:Sander      1 BOUNTY
  Liabilities:Bar:Members:Sander   0.60 EUR   
  Income:Bar                      -0.60 EUR   

2021-08-09 txn "Sander bought 2 items for €1.20"
  timestamp: "2021-08-09 17:32:10.756977"
  type: "purchase"
  Assets:Inventory:Bar               -1 BOUNTY   
  Liabilities:Bar:Members:Sander      1 BOUNTY   
  Assets:Inventory:Bar               -1 ICE_CREAM
  Liabilities:Bar:Members:Sander      1 ICE_CREAM
  Liabilities:Bar:Members:Sander   1.20 EUR      
  Income:Bar                      -1.20 EUR      

2021-08-10 txn "Yvan bought 1 items for €1.50"
  timestamp: "2021-08-10 07:37:51.695966"
  type: "purchase"
  Assets:Inventory:Bar             -1 ICETEA
  Liabilities:Bar:Members:Yvan      1 ICETEA
  Liabilities:Bar:Members:Yvan   1.50 EUR   
  Income:Bar                    -1.50 EUR   

2021-08-10 txn "Yvan bought 2 items for €2.10"
  timestamp: "2021-08-10 10:29:10.972473"
  type: "purchase"
  Assets:Inventory:Bar             -1 FANTA 
  Liabilities:Bar:Members:Yvan      1 FANTA 
  Assets:Inventory:Bar             -1 KITKAT
  Liabilities:Bar:Members:Yvan      1 KITKAT
  Liabilities:Bar:Members:Yvan   2.10 EUR   
  Income:Bar                    -2.10 EUR   

2021-08-10 txn "Yvan bought 1 items for €1.20"
  timestamp: "2021-08-10 12:00:16.434534"
  type: "purchase"
  Assets:Inventory:Bar             -1 CHIP
  Liabilities:Bar:Members:Yvan      1 CHIP
  Liabilities:Bar:Members:Yvan   1.20 EUR 
  Income:Bar                    -1.20 EUR 

2021-08-10 txn "Yvan bought 2 items for €2.10"
  timestamp: "2021-08-10 12:27:36.711403"
  type: "purchase"
  Assets:Inventory:Bar             -1 FANTA 
  Liabilities:Bar:Members:Yvan      1 FANTA 
  Assets:Inventory:Bar             -1 BOUNTY
  Liabilities:Bar:Members:Yvan      1 BOUNTY
  Liabilities:Bar:Members:Yvan   2.10 EUR   
  Income:Bar                    -2.10 EUR   

2021-08-10 txn "Sander bought 1 items for €1.50"
  timestamp: "2021-08-10 14:36:42.259611"
  type: "purchase"
  Assets:Inventory:Bar               -1 SCHWEPPES
  Liabilities:Bar:Members:Sander      1 SCHWEPPES
  Liabilities:Bar:Members:Sander   1.50 EUR      
  Income:Bar                      -1.50 EUR      

2021-08-10 txn "Bloemist bought 1 items for €1.50"
  timestamp: "2021-08-10 16:10:36.191787"
  type: "purchase"
  Assets:Inventory:Bar                 -1 SCHWEPPES
  Liabilities:Bar:Members:Bloemist      1 SCHWEPPES
  Liabilities:Bar:Members:Bloemist   1.50 EUR      
  Income:Bar                        -1.50 EUR      

2021-08-10 txn "Bloemist bought 1 items for €1.50"
  timestamp: "2021-08-10 16:10:36.191787"
  type: "purchase"
  Assets:Inventory:Bar                 -1 SCHWEPPES
  Liabilities:Bar:Members:Bloemist      1 SCHWEPPES
  Liabilities:Bar:Members:Bloemist   1.50 EUR      
  Income:Bar                        -1.50 EUR      

2021-08-10 txn "Bloemist bought 1 items for €1.50"
  timestamp: "2021-08-10 16:10:36.191787"
  type: "purchase"
  Assets:Inventory:Bar                 -1 SCHWEPPES
  Liabilities:Bar:Members:Bloemist      1 SCHWEPPES
  Liabilities:Bar:Members:Bloemist   1.50 EUR      
  Income:Bar                        -1.50 EUR      

2021-08-10 txn "Bloemist bought 1 items for €1.50"
  timestamp: "2021-08-10 16:10:36.191787"
  type: "purchase"
  Assets:Inventory:Bar                 -1 SCHWEPPES
  Liabilities:Bar:Members:Bloemist      1 SCHWEPPES
  Liabilities:Bar:Members:Bloemist   1.50 EUR      
  Income:Bar                        -1.50 EUR      

2021-08-10 txn "Bloemist bought 1 items for €1.50"
  timestamp: "2021-08-10 16:10:36.191787"
  type: "purchase"
  Assets:Inventory:Bar                 -1 SCHWEPPES
  Liabilities:Bar:Members:Bloemist      1 SCHWEPPES
  Liabilities:Bar:Members:Bloemist   1.50 EUR      
  Income:Bar                        -1.50 EUR      

2021-08-10 txn "Bloemist bought 1 items for €1.50"
  timestamp: "2021-08-10 16:10:36.191787"
  type: "purchase"
  Assets:Inventory:Bar                 -1 SCHWEPPES
  Liabilities:Bar:Members:Bloemist      1 SCHWEPPES
  Liabilities:Bar:Members:Bloemist   1.50 EUR      
  Income:Bar                        -1.50 EUR      

2021-08-10 txn "Bloemist bought 1 items for €1.50"
  timestamp: "2021-08-10 16:10:36.191787"
  type: "purchase"
  Assets:Inventory:Bar                 -1 SCHWEPPES
  Liabilities:Bar:Members:Bloemist      1 SCHWEPPES
  Liabilities:Bar:Members:Bloemist   1.50 EUR      
  Income:Bar                        -1.50 EUR      

2021-08-10 txn "Bloemist bought 1 items for €1.50"
  timestamp: "2021-08-10 16:10:36.191787"
  type: "purchase"
  Assets:Inventory:Bar                 -1 SCHWEPPES
  Liabilities:Bar:Members:Bloemist      1 SCHWEPPES
  Liabilities:Bar:Members:Bloemist   1.50 EUR      
  Income:Bar                        -1.50 EUR      

2021-08-10 txn "Bloemist bought 1 items for €1.50"
  timestamp: "2021-08-10 16:10:36.191787"
  type: "purchase"
  Assets:Inventory:Bar                 -1 SCHWEPPES
  Liabilities:Bar:Members:Bloemist      1 SCHWEPPES
  Liabilities:Bar:Members:Bloemist   1.50 EUR      
  Income:Bar                        -1.50 EUR      

2021-08-10 txn "Bloemist bought 1 items for €1.50"
  timestamp: "2021-08-10 16:10:36.191787"
  type: "purchase"
  Assets:Inventory:Bar                 -1 SCHWEPPES
  Liabilities:Bar:Members:Bloemist      1 SCHWEPPES
  Liabilities:Bar:Members:Bloemist   1.50 EUR      
  Income:Bar                        -1.50 EUR      

2021-08-10 txn "Bloemist bought 1 items for €1.50"
  timestamp: "2021-08-10 16:10:36.191787"
  type: "purchase"
  Assets:Inventory:Bar                 -1 SCHWEPPES
  Liabilities:Bar:Members:Bloemist      1 SCHWEPPES
  Liabilities:Bar:Members:Bloemist   1.50 EUR      
  Income:Bar                        -1.50 EUR      

2021-08-10 txn "Bloemist bought 1 items for €1.50"
  timestamp: "2021-08-10 16:10:36.191787"
  type: "purchase"
  Assets:Inventory:Bar                 -1 SCHWEPPES
  Liabilities:Bar:Members:Bloemist      1 SCHWEPPES
  Liabilities:Bar:Members:Bloemist   1.50 EUR      
  Income:Bar                        -1.50 EUR      

2021-08-10 txn "Yvan bought 2 items for €2.60"
  timestamp: "2021-08-10 16:18:38.786471"
  type: "purchase"
  Assets:Inventory:Bar             -1 PIZZA    
  Liabilities:Bar:Members:Yvan      1 PIZZA    
  Assets:Inventory:Bar             -1 ICE_CREAM
  Liabilities:Bar:Members:Yvan      1 ICE_CREAM
  Liabilities:Bar:Members:Yvan   2.60 EUR      
  Income:Bar                    -2.60 EUR      

2021-08-10 txn "Yvan bought 2 items for €2.60"
  timestamp: "2021-08-10 16:18:38.786471"
  type: "purchase"
  Assets:Inventory:Bar             -1 PIZZA    
  Liabilities:Bar:Members:Yvan      1 PIZZA    
  Assets:Inventory:Bar             -1 ICE_CREAM
  Liabilities:Bar:Members:Yvan      1 ICE_CREAM
  Liabilities:Bar:Members:Yvan   2.60 EUR      
  Income:Bar                    -2.60 EUR      

2021-08-10 txn "Yvan bought 2 items for €2.60"
  timestamp: "2021-08-10 16:18:38.786471"
  type: "purchase"
  Assets:Inventory:Bar             -1 PIZZA    
  Liabilities:Bar:Members:Yvan      1 PIZZA    
  Assets:Inventory:Bar             -1 ICE_CREAM
  Liabilities:Bar:Members:Yvan      1 ICE_CREAM
  Liabilities:Bar:Members:Yvan   2.60 EUR      
  Income:Bar                    -2.60 EUR      

2021-08-10 txn "Carro​armato0 gave On8wr a gift of €8.00"
  timestamp: "2021-08-10 17:25:10.703763"
  type: "transfer"
  Liabilities:Bar:Members:Carroarmato0   8.00 EUR
  Liabilities:Bar:Members:On8wr         -8.00 EUR

2021-08-10 txn "Carro​armato0 bought 2 items for €1.80"
  timestamp: "2021-08-10 17:26:04.312960"
  type: "purchase"
  Assets:Inventory:Bar                     -1 CHIP    
  Liabilities:Bar:Members:Carroarmato0      1 CHIP    
  Assets:Inventory:Bar                     -1 SNICKERS
  Liabilities:Bar:Members:Carroarmato0      1 SNICKERS
  Liabilities:Bar:Members:Carroarmato0   1.80 EUR     
  Income:Bar                            -1.80 EUR     

2021-08-10 txn "Yvan bought 1 items for €0.60"
  timestamp: "2021-08-10 17:36:28.639472"
  type: "purchase"
  Assets:Inventory:Bar             -1 ICE_CREAM
  Liabilities:Bar:Members:Yvan      1 ICE_CREAM
  Liabilities:Bar:Members:Yvan   0.60 EUR      
  Income:Bar                    -0.60 EUR      

2021-08-10 txn "Bloemist bought 3 items for €2.70"
  timestamp: "2021-08-10 17:53:17.907723"
  type: "purchase"
  Assets:Inventory:Bar                 -1 COKE_ZERO
  Liabilities:Bar:Members:Bloemist      1 COKE_ZERO
  Assets:Inventory:Bar                 -2 SNACK    
  Liabilities:Bar:Members:Bloemist      2 SNACK    
  Liabilities:Bar:Members:Bloemist   2.70 EUR      
  Income:Bar                        -2.70 EUR      

2021-08-10 txn "Yvan bought 1 items for €0.60"
  timestamp: "2021-08-10 18:40:08.059750"
  type: "purchase"
  Assets:Inventory:Bar             -1 ICE_CREAM
  Liabilities:Bar:Members:Yvan      1 ICE_CREAM
  Liabilities:Bar:Members:Yvan   0.60 EUR      
  Income:Bar                    -0.60 EUR      

2021-08-10 txn "Carro​armato0 bought 1 items for €0.60"
  timestamp: "2021-08-10 18:43:33.324481"
  type: "purchase"
  Assets:Inventory:Bar                     -1 TWIX
  Liabilities:Bar:Members:Carroarmato0      1 TWIX
  Liabilities:Bar:Members:Carroarmato0   0.60 EUR 
  Income:Bar                            -0.60 EUR 

2021-08-10 txn "Bloemist bought 1 items for €0.60"
  timestamp: "2021-08-10 18:53:33.169788"
  type: "purchase"
  Assets:Inventory:Bar                 -1 TWIX
  Liabilities:Bar:Members:Bloemist      1 TWIX
  Liabilities:Bar:Members:Bloemist   0.60 EUR 
  Income:Bar                        -0.60 EUR 

2021-08-10 txn "Yvan bought 1 items for €0.60"
  timestamp: "2021-08-10 19:31:14.895636"
  type: "purchase"
  Assets:Inventory:Bar             -1 ICE_CREAM
  Liabilities:Bar:Members:Yvan      1 ICE_CREAM
  Liabilities:Bar:Members:Yvan   0.60 EUR      
  Income:Bar                    -0.60 EUR      

2021-08-10 txn "Bloemist bought 1 items for €1.50"
  timestamp: "2021-08-10 19:42:38.759227"
  type: "purchase"
  Assets:Inventory:Bar                 -1 ICETEA
  Liabilities:Bar:Members:Bloemist      1 ICETEA
  Liabilities:Bar:Members:Bloemist   1.50 EUR   
  Income:Bar                        -1.50 EUR   

2021-08-10 txn "Yvan bought 1 items for €1.50"
  timestamp: "2021-08-10 19:58:28.566387"
  type: "purchase"
  Assets:Inventory:Bar             -1 ICETEA
  Liabilities:Bar:Members:Yvan      1 ICETEA
  Liabilities:Bar:Members:Yvan   1.50 EUR   
  Income:Bar                    -1.50 EUR   

2021-08-10 txn "Sander bought 1 items for €0.60"
  timestamp: "2021-08-10 20:31:36.970382"
  type: "purchase"
  Assets:Inventory:Bar               -1 ICE_CREAM
  Liabilities:Bar:Members:Sander      1 ICE_CREAM
  Liabilities:Bar:Members:Sander   0.60 EUR      
  Income:Bar                      -0.60 EUR      

2021-08-10 txn "Bloemist bought 2 items for €2.10"
  timestamp: "2021-08-10 20:38:53.820090"
  type: "purchase"
  Assets:Inventory:Bar                 -1 COKE_ZERO
  Liabilities:Bar:Members:Bloemist      1 COKE_ZERO
  Assets:Inventory:Bar                 -1 TWIX     
  Liabilities:Bar:Members:Bloemist      1 TWIX     
  Liabilities:Bar:Members:Bloemist   2.10 EUR      
  Income:Bar                        -2.10 EUR      

2021-08-10 txn "Bloemist bought 2 items for €1.20"
  timestamp: "2021-08-10 21:39:33.853375"
  type: "purchase"
  Assets:Inventory:Bar                 -2 SNACK
  Liabilities:Bar:Members:Bloemist      2 SNACK
  Liabilities:Bar:Members:Bloemist   1.20 EUR  
  Income:Bar                        -1.20 EUR  

2021-08-10 txn "Carro​armato0 bought 2 items for €2.10"
  timestamp: "2021-08-10 21:39:41.424419"
  type: "purchase"
  Assets:Inventory:Bar                     -1 ICETEA
  Liabilities:Bar:Members:Carroarmato0      1 ICETEA
  Assets:Inventory:Bar                     -1 BOUNTY
  Liabilities:Bar:Members:Carroarmato0      1 BOUNTY
  Liabilities:Bar:Members:Carroarmato0   2.10 EUR   
  Income:Bar                            -2.10 EUR   

2021-08-10 txn "Bloemist bought 1 items for €0.60"
  timestamp: "2021-08-10 22:21:37.119091"
  type: "purchase"
  Assets:Inventory:Bar                 -1 TWIX
  Liabilities:Bar:Members:Bloemist      1 TWIX
  Liabilities:Bar:Members:Bloemist   0.60 EUR 
  Income:Bar                        -0.60 EUR 

2021-08-10 txn "Bloemist bought 2 items for €1.20"
  timestamp: "2021-08-10 23:00:10.618465"
  type: "purchase"
  Assets:Inventory:Bar                 -2 SNACK
  Liabilities:Bar:Members:Bloemist      2 SNACK
  Liabilities:Bar:Members:Bloemist   1.20 EUR  
  Income:Bar                        -1.20 EUR  

2021-08-10 txn "Bloemist bought 1 items for €2.00"
  timestamp: "2021-08-10 23:29:49.425381"
  type: "purchase"
  Assets:Inventory:Bar                 -1 CM 
  Liabilities:Bar:Members:Bloemist      1 CM 
  Liabilities:Bar:Members:Bloemist   2.00 EUR
  Income:Bar                        -2.00 EUR

2021-08-10 txn "Bloemist bought 1 items for €0.60"
  timestamp: "2021-08-10 23:45:34.321050"
  type: "purchase"
  Assets:Inventory:Bar                 -1 EXPIRED_DRINK
  Liabilities:Bar:Members:Bloemist      1 EXPIRED_DRINK
  Liabilities:Bar:Members:Bloemist   0.60 EUR          
  Income:Bar                        -0.60 EUR          

2021-08-11 txn "Yvan bought 2 items for €2.10"
  timestamp: "2021-08-11 07:48:31.887932"
  type: "purchase"
  Assets:Inventory:Bar             -1 ICETEA  
  Liabilities:Bar:Members:Yvan      1 ICETEA  
  Assets:Inventory:Bar             -1 SNICKERS
  Liabilities:Bar:Members:Yvan      1 SNICKERS
  Liabilities:Bar:Members:Yvan   2.10 EUR     
  Income:Bar                    -2.10 EUR     

2021-08-11 txn "Yvan bought 1 items for €0.60"
  timestamp: "2021-08-11 08:29:47.167501"
  type: "purchase"
  Assets:Inventory:Bar             -1 KITKAT
  Liabilities:Bar:Members:Yvan      1 KITKAT
  Liabilities:Bar:Members:Yvan   0.60 EUR   
  Income:Bar                    -0.60 EUR   

2021-08-11 txn "qwaxys bought 1 items for €1.50"
  timestamp: "2021-08-11 10:08:05.805817"
  type: "purchase"
  Assets:Inventory:Bar             -1 SCHWEPPES
  Liabilities:Bar:Members:Bart      1 SCHWEPPES
  Liabilities:Bar:Members:Bart   1.50 EUR      
  Income:Bar                    -1.50 EUR      

2021-08-11 txn "Yvan bought 1 items for €1.50"
  timestamp: "2021-08-11 10:46:51.045523"
  type: "purchase"
  Assets:Inventory:Bar             -1 ICETEA
  Liabilities:Bar:Members:Yvan      1 ICETEA
  Liabilities:Bar:Members:Yvan   1.50 EUR   
  Income:Bar                    -1.50 EUR   

2021-08-11 txn "qwaxys gave Yvan a gift of €3.50"
  timestamp: "2021-08-11 10:49:03.811431"
  type: "transfer"
  Liabilities:Bar:Members:Bart   3.50 EUR
  Liabilities:Bar:Members:Yvan  -3.50 EUR

2021-08-11 txn "Bertrand gave Yvan a gift of €3.50"
  timestamp: "2021-08-11 10:49:24.514905"
  type: "transfer"
  Liabilities:Bar:Members:Bertrand   3.50 EUR
  Liabilities:Bar:Members:Yvan      -3.50 EUR

2021-08-11 txn "Yvan bought 1 items for €0.60"
  timestamp: "2021-08-11 14:02:11.587643"
  type: "purchase"
  Assets:Inventory:Bar             -1 ICE_CREAM
  Liabilities:Bar:Members:Yvan      1 ICE_CREAM
  Liabilities:Bar:Members:Yvan   0.60 EUR      
  Income:Bar                    -0.60 EUR      

2021-08-11 txn "Yvan bought 2 items for €2.70"
  timestamp: "2021-08-11 14:45:02.572124"
  type: "purchase"
  Assets:Inventory:Bar             -1 ICETEA
  Liabilities:Bar:Members:Yvan      1 ICETEA
  Assets:Inventory:Bar             -1 CHIP  
  Liabilities:Bar:Members:Yvan      1 CHIP  
  Liabilities:Bar:Members:Yvan   2.70 EUR   
  Income:Bar                    -2.70 EUR   

2021-08-11 txn "Yvan bought 2 items for €2.10"
  timestamp: "2021-08-11 17:24:58.123871"
  type: "purchase"
  Assets:Inventory:Bar             -1 ICETEA   
  Liabilities:Bar:Members:Yvan      1 ICETEA   
  Assets:Inventory:Bar             -1 ICE_CREAM
  Liabilities:Bar:Members:Yvan      1 ICE_CREAM
  Liabilities:Bar:Members:Yvan   2.10 EUR      
  Income:Bar                    -2.10 EUR      

2021-08-11 txn "Yvan bought 1 items for €0.60"
  timestamp: "2021-08-11 18:14:25.189753"
  type: "purchase"
  Assets:Inventory:Bar             -1 ICE_CREAM
  Liabilities:Bar:Members:Yvan      1 ICE_CREAM
  Liabilities:Bar:Members:Yvan   0.60 EUR      
  Income:Bar                    -0.60 EUR      

2021-08-12 txn "Yvan bought 1 items for €1.50"
  timestamp: "2021-08-12 12:28:30.431518"
  type: "purchase"
  Assets:Inventory:Bar             -1 ICETEA
  Liabilities:Bar:Members:Yvan      1 ICETEA
  Liabilities:Bar:Members:Yvan   1.50 EUR   
  Income:Bar                    -1.50 EUR   

2021-08-12 txn "Sander bought 1 items for €1.50"
  timestamp: "2021-08-12 12:51:07.499269"
  type: "purchase"
  Assets:Inventory:Bar               -1 ICETEA
  Liabilities:Bar:Members:Sander      1 ICETEA
  Liabilities:Bar:Members:Sander   1.50 EUR   
  Income:Bar                      -1.50 EUR   

2021-08-12 txn "Yvan bought 1 items for €0.60"
  timestamp: "2021-08-12 13:40:15.666226"
  type: "purchase"
  Assets:Inventory:Bar             -1 ICE_CREAM
  Liabilities:Bar:Members:Yvan      1 ICE_CREAM
  Liabilities:Bar:Members:Yvan   0.60 EUR      
  Income:Bar                    -0.60 EUR      

2021-08-12 txn "Yvan bought 2 items for €2.70"
  timestamp: "2021-08-12 15:07:24.251862"
  type: "purchase"
  Assets:Inventory:Bar             -1 COKE
  Liabilities:Bar:Members:Yvan      1 COKE
  Assets:Inventory:Bar             -1 CHIP
  Liabilities:Bar:Members:Yvan      1 CHIP
  Liabilities:Bar:Members:Yvan   2.70 EUR 
  Income:Bar                    -2.70 EUR 

2021-08-12 txn "Carro​armato0 bought 2 items for €2.10"
  timestamp: "2021-08-12 15:29:49.494641"
  type: "purchase"
  Assets:Inventory:Bar                     -1 BOUNTY
  Liabilities:Bar:Members:Carroarmato0      1 BOUNTY
  Assets:Inventory:Bar                     -1 ICETEA
  Liabilities:Bar:Members:Carroarmato0      1 ICETEA
  Liabilities:Bar:Members:Carroarmato0   2.10 EUR   
  Income:Bar                            -2.10 EUR   

2021-08-12 txn "Sander bought 1 items for €1.50"
  timestamp: "2021-08-12 15:39:58.807121"
  type: "purchase"
  Assets:Inventory:Bar               -1 COKE
  Liabilities:Bar:Members:Sander      1 COKE
  Liabilities:Bar:Members:Sander   1.50 EUR 
  Income:Bar                      -1.50 EUR 

2021-08-12 txn "Yvan bought 1 items for €1.50"
  timestamp: "2021-08-12 15:41:57.657447"
  type: "purchase"
  Assets:Inventory:Bar             -1 COKE
  Liabilities:Bar:Members:Yvan      1 COKE
  Liabilities:Bar:Members:Yvan   1.50 EUR 
  Income:Bar                    -1.50 EUR 

2021-08-12 txn "Carro​armato0 gave Sander a gift of €1.00"
  timestamp: "2021-08-12 15:54:43.860957"
  type: "transfer"
  Liabilities:Bar:Members:Carroarmato0   1.00 EUR
  Liabilities:Bar:Members:Sander        -1.00 EUR

2021-08-12 txn "Ljaytee bought 2 items for €2.60"
  timestamp: "2021-08-12 17:13:53.849185"
  type: "purchase"
  Assets:Inventory:Bar                -1 CIDER
  Liabilities:Bar:Members:Ljaytee      1 CIDER
  Assets:Inventory:Bar                -1 MARS 
  Liabilities:Bar:Members:Ljaytee      1 MARS 
  Liabilities:Bar:Members:Ljaytee   2.60 EUR  
  Income:Bar                       -2.60 EUR  

2021-08-12 txn "TQ bought 1 items for €1.50"
  timestamp: "2021-08-12 17:18:16.029520"
  type: "purchase"
  Assets:Inventory:Bar                -1 COKE
  Liabilities:Bar:Members:Thequux      1 COKE
  Liabilities:Bar:Members:Thequux   1.50 EUR 
  Income:Bar                       -1.50 EUR 

2021-08-12 txn "Carro​armato0 bought 1 items for €1.50"
  timestamp: "2021-08-12 17:39:02.785335"
  type: "purchase"
  Assets:Inventory:Bar                     -1 ICETEA
  Liabilities:Bar:Members:Carroarmato0      1 ICETEA
  Liabilities:Bar:Members:Carroarmato0   1.50 EUR   
  Income:Bar                            -1.50 EUR   

2021-08-12 txn "Yvan bought 1 items for €1.20"
  timestamp: "2021-08-12 18:08:03.501906"
  type: "purchase"
  Assets:Inventory:Bar             -1 CHIP
  Liabilities:Bar:Members:Yvan      1 CHIP
  Liabilities:Bar:Members:Yvan   1.20 EUR 
  Income:Bar                    -1.20 EUR 

2021-08-12 txn "Yvan bought 1 items for €1.50"
  timestamp: "2021-08-12 18:12:44.914407"
  type: "purchase"
  Assets:Inventory:Bar             -1 COKE
  Liabilities:Bar:Members:Yvan      1 COKE
  Liabilities:Bar:Members:Yvan   1.50 EUR 
  Income:Bar                    -1.50 EUR 

2021-08-12 txn "Evils bought 1 items for €1.50"
  timestamp: "2021-08-12 18:12:47.247410"
  type: "purchase"
  Assets:Inventory:Bar              -1 SCHWEPPES
  Liabilities:Bar:Members:Elvis      1 SCHWEPPES
  Liabilities:Bar:Members:Elvis   1.50 EUR      
  Income:Bar                     -1.50 EUR      

2021-08-12 txn "Evils bought 1 items for €1.50"
  timestamp: "2021-08-12 18:47:41.715175"
  type: "purchase"
  Assets:Inventory:Bar              -1 ICETEA
  Liabilities:Bar:Members:Elvis      1 ICETEA
  Liabilities:Bar:Members:Elvis   1.50 EUR   
  Income:Bar                     -1.50 EUR   

2021-08-12 txn "Ljaytee bought 1 items for €1.50"
  timestamp: "2021-08-12 18:48:29.896126"
  type: "purchase"
  Assets:Inventory:Bar                -1 FANTA
  Liabilities:Bar:Members:Ljaytee      1 FANTA
  Liabilities:Bar:Members:Ljaytee   1.50 EUR  
  Income:Bar                       -1.50 EUR  

2021-08-12 txn "Bloemist bought 1 items for €0.60"
  timestamp: "2021-08-12 18:52:28.506644"
  type: "purchase"
  Assets:Inventory:Bar                 -1 SNACK
  Liabilities:Bar:Members:Bloemist      1 SNACK
  Liabilities:Bar:Members:Bloemist   0.60 EUR  
  Income:Bar                        -0.60 EUR  

2021-08-12 txn "Evils deposited €32.86"
  timestamp: "2021-08-12 19:11:26.113436"
  type: "deposit"
  Liabilities:Bar:Members:Elvis  -32.86 EUR
  Assets:Cash:Bar                 32.86 EUR

2021-08-12 txn "Sander bought 1 items for €1.50"
  timestamp: "2021-08-12 19:19:59.515898"
  type: "purchase"
  Assets:Inventory:Bar               -1 SCHWEPPES
  Liabilities:Bar:Members:Sander      1 SCHWEPPES
  Liabilities:Bar:Members:Sander   1.50 EUR      
  Income:Bar                      -1.50 EUR      

2021-08-12 txn "Carro​armato0 bought 3 items for €2.70"
  timestamp: "2021-08-12 19:40:48.642422"
  type: "purchase"
  Assets:Inventory:Bar                     -1 ICETEA
  Liabilities:Bar:Members:Carroarmato0      1 ICETEA
  Assets:Inventory:Bar                     -1 TWIX  
  Liabilities:Bar:Members:Carroarmato0      1 TWIX  
  Assets:Inventory:Bar                     -1 KITKAT
  Liabilities:Bar:Members:Carroarmato0      1 KITKAT
  Liabilities:Bar:Members:Carroarmato0   2.70 EUR   
  Income:Bar                            -2.70 EUR   

2021-08-12 txn "Yvan bought 1 items for €0.60"
  timestamp: "2021-08-12 19:43:31.467820"
  type: "purchase"
  Assets:Inventory:Bar             -1 ICE_CREAM
  Liabilities:Bar:Members:Yvan      1 ICE_CREAM
  Liabilities:Bar:Members:Yvan   0.60 EUR      
  Income:Bar                    -0.60 EUR      

2021-08-12 txn "Bloemist bought 1 items for €1.50"
  timestamp: "2021-08-12 20:01:32.812791"
  type: "purchase"
  Assets:Inventory:Bar                 -1 JUPILER
  Liabilities:Bar:Members:Bloemist      1 JUPILER
  Liabilities:Bar:Members:Bloemist   1.50 EUR    
  Income:Bar                        -1.50 EUR    

2021-08-12 txn "Evils bought 1 items for €0.60"
  timestamp: "2021-08-12 20:02:28.642780"
  type: "purchase"
  Assets:Inventory:Bar              -1 KITKAT
  Liabilities:Bar:Members:Elvis      1 KITKAT
  Liabilities:Bar:Members:Elvis   0.60 EUR   
  Income:Bar                     -0.60 EUR   

2021-08-12 txn "TQ bought 1 items for €0.60"
  timestamp: "2021-08-12 20:02:44.213622"
  type: "purchase"
  Assets:Inventory:Bar                -1 MARS
  Liabilities:Bar:Members:Thequux      1 MARS
  Liabilities:Bar:Members:Thequux   0.60 EUR 
  Income:Bar                       -0.60 EUR 

2021-08-12 txn "Sander bought 1 items for €0.60"
  timestamp: "2021-08-12 20:07:55.832588"
  type: "purchase"
  Assets:Inventory:Bar               -1 BOUNTY
  Liabilities:Bar:Members:Sander      1 BOUNTY
  Liabilities:Bar:Members:Sander   0.60 EUR   
  Income:Bar                      -0.60 EUR   

2021-08-12 txn "TQ bought 1 items for €1.50"
  timestamp: "2021-08-12 20:18:32.515313"
  type: "purchase"
  Assets:Inventory:Bar                -1 ICETEA
  Liabilities:Bar:Members:Thequux      1 ICETEA
  Liabilities:Bar:Members:Thequux   1.50 EUR   
  Income:Bar                       -1.50 EUR   

2021-08-12 txn "Ljaytee bought 1 items for €1.50"
  timestamp: "2021-08-12 20:21:05.510081"
  type: "purchase"
  Assets:Inventory:Bar                -1 FANTA
  Liabilities:Bar:Members:Ljaytee      1 FANTA
  Liabilities:Bar:Members:Ljaytee   1.50 EUR  
  Income:Bar                       -1.50 EUR  

2021-08-12 txn "Yvan bought 1 items for €1.50"
  timestamp: "2021-08-12 20:25:01.499439"
  type: "purchase"
  Assets:Inventory:Bar             -1 COKE
  Liabilities:Bar:Members:Yvan      1 COKE
  Liabilities:Bar:Members:Yvan   1.50 EUR 
  Income:Bar                    -1.50 EUR 

2021-08-12 txn "Evils gave TQ a gift of €0.85"
  timestamp: "2021-08-12 20:25:41.435713"
  type: "transfer"
  Liabilities:Bar:Members:Elvis     0.85 EUR
  Liabilities:Bar:Members:Thequux  -0.85 EUR

2021-08-12 txn "Evils bought 1 items for €0.70"
  timestamp: "2021-08-12 20:32:19.412851"
  type: "purchase"
  Assets:Inventory:Bar              -1 PICKUP
  Liabilities:Bar:Members:Elvis      1 PICKUP
  Liabilities:Bar:Members:Elvis   0.70 EUR   
  Income:Bar                     -0.70 EUR   

2021-08-12 txn "Ljaytee bought 1 items for €1.50"
  timestamp: "2021-08-12 20:52:48.884097"
  type: "purchase"
  Assets:Inventory:Bar                -1 FANTA
  Liabilities:Bar:Members:Ljaytee      1 FANTA
  Liabilities:Bar:Members:Ljaytee   1.50 EUR  
  Income:Bar                       -1.50 EUR  

2021-08-12 txn "Sander bought 1 items for €1.50"
  timestamp: "2021-08-12 22:09:02.988084"
  type: "purchase"
  Assets:Inventory:Bar               -1 COKE
  Liabilities:Bar:Members:Sander      1 COKE
  Liabilities:Bar:Members:Sander   1.50 EUR 
  Income:Bar                      -1.50 EUR 

2021-08-12 txn "Evils bought 1 items for €1.50"
  timestamp: "2021-08-12 22:22:13.946562"
  type: "purchase"
  Assets:Inventory:Bar              -1 FANTA
  Liabilities:Bar:Members:Elvis      1 FANTA
  Liabilities:Bar:Members:Elvis   1.50 EUR  
  Income:Bar                     -1.50 EUR  

2021-08-12 txn "Evils bought 1 items for €0.60"
  timestamp: "2021-08-12 22:57:52.562485"
  type: "purchase"
  Assets:Inventory:Bar              -1 MARS
  Liabilities:Bar:Members:Elvis      1 MARS
  Liabilities:Bar:Members:Elvis   0.60 EUR 
  Income:Bar                     -0.60 EUR 

2021-08-13 txn "Bloemist bought 1 items for €2.00"
  timestamp: "2021-08-13 00:00:48.190297"
  type: "purchase"
  Assets:Inventory:Bar                 -1 CM 
  Liabilities:Bar:Members:Bloemist      1 CM 
  Liabilities:Bar:Members:Bloemist   2.00 EUR
  Income:Bar                        -2.00 EUR

2021-08-13 txn "Yvan bought 3 items for €3.20"
  timestamp: "2021-08-13 07:07:21.288069"
  type: "purchase"
  Assets:Inventory:Bar             -1 CM      
  Liabilities:Bar:Members:Yvan      1 CM      
  Assets:Inventory:Bar             -1 KITKAT  
  Liabilities:Bar:Members:Yvan      1 KITKAT  
  Assets:Inventory:Bar             -1 SNICKERS
  Liabilities:Bar:Members:Yvan      1 SNICKERS
  Liabilities:Bar:Members:Yvan   3.20 EUR     
  Income:Bar                    -3.20 EUR     

2021-08-13 txn "Sander bought 1 items for €1.50"
  timestamp: "2021-08-13 13:01:18.655616"
  type: "purchase"
  Assets:Inventory:Bar               -1 COKE
  Liabilities:Bar:Members:Sander      1 COKE
  Liabilities:Bar:Members:Sander   1.50 EUR 
  Income:Bar                      -1.50 EUR 

2021-08-13 txn "Yvan bought 1 items for €1.50"
  timestamp: "2021-08-13 18:00:01.577224"
  type: "purchase"
  Assets:Inventory:Bar             -1 ICETEA
  Liabilities:Bar:Members:Yvan      1 ICETEA
  Liabilities:Bar:Members:Yvan   1.50 EUR   
  Income:Bar                    -1.50 EUR   

2021-08-14 txn "Ljaytee bought 3 items for €4.60"
  timestamp: "2021-08-14 10:01:54.077084"
  type: "purchase"
  Assets:Inventory:Bar                -2 CMRED
  Liabilities:Bar:Members:Ljaytee      2 CMRED
  Assets:Inventory:Bar                -1 MARS 
  Liabilities:Bar:Members:Ljaytee      1 MARS 
  Liabilities:Bar:Members:Ljaytee   4.60 EUR  
  Income:Bar                       -4.60 EUR  

2021-08-14 txn "Ljaytee bought 1 items for €0.70"
  timestamp: "2021-08-14 12:58:49.033227"
  type: "purchase"
  Assets:Inventory:Bar                -1 PICKUP
  Liabilities:Bar:Members:Ljaytee      1 PICKUP
  Liabilities:Bar:Members:Ljaytee   0.70 EUR   
  Income:Bar                       -0.70 EUR   

2021-08-14 txn "TQ bought 1 items for €1.20"
  timestamp: "2021-08-14 13:50:54.223797"
  type: "purchase"
  Assets:Inventory:Bar                -1 CHIP
  Liabilities:Bar:Members:Thequux      1 CHIP
  Liabilities:Bar:Members:Thequux   1.20 EUR 
  Income:Bar                       -1.20 EUR 

2021-08-14 txn "Yvan bought 1 items for €1.50"
  timestamp: "2021-08-14 14:54:47.076695"
  type: "purchase"
  Assets:Inventory:Bar             -1 ICETEA
  Liabilities:Bar:Members:Yvan      1 ICETEA
  Liabilities:Bar:Members:Yvan   1.50 EUR   
  Income:Bar                    -1.50 EUR   

2021-08-14 txn "Merlijn gave Ljaytee a gift of €3.85"
  timestamp: "2021-08-14 15:22:12.808239"
  type: "transfer"
  Liabilities:Bar:Members:Merlijn   3.85 EUR
  Liabilities:Bar:Members:Ljaytee  -3.85 EUR

2021-08-14 txn "Ljaytee bought 1 items for €2.00"
  timestamp: "2021-08-14 15:23:20.783673"
  type: "purchase"
  Assets:Inventory:Bar                -1 CMRED
  Liabilities:Bar:Members:Ljaytee      1 CMRED
  Liabilities:Bar:Members:Ljaytee   2.00 EUR  
  Income:Bar                       -2.00 EUR  

2021-08-14 txn "Yvan bought 2 items for €2.70"
  timestamp: "2021-08-14 16:57:54.794390"
  type: "purchase"
  Assets:Inventory:Bar             -1 COKE
  Liabilities:Bar:Members:Yvan      1 COKE
  Assets:Inventory:Bar             -1 CHIP
  Liabilities:Bar:Members:Yvan      1 CHIP
  Liabilities:Bar:Members:Yvan   2.70 EUR 
  Income:Bar                    -2.70 EUR 

2021-08-15 txn "Els bought 1 items for €0.60"
  timestamp: "2021-08-15 10:34:23.919893"
  type: "purchase"
  Assets:Inventory:Bar            -1 TWIX
  Liabilities:Bar:Members:Els      1 TWIX
  Liabilities:Bar:Members:Els   0.60 EUR 
  Income:Bar                   -0.60 EUR 

2021-08-15 txn "Els bought 1 items for €1.50"
  timestamp: "2021-08-15 10:39:58.334486"
  type: "purchase"
  Assets:Inventory:Bar            -1 FANTA
  Liabilities:Bar:Members:Els      1 FANTA
  Liabilities:Bar:Members:Els   1.50 EUR  
  Income:Bar                   -1.50 EUR  

2021-08-15 txn "Els bought 3 items for €6.00"
  timestamp: "2021-08-15 11:09:45.651216"
  type: "purchase"
  Assets:Inventory:Bar            -3 CM 
  Liabilities:Bar:Members:Els      3 CM 
  Liabilities:Bar:Members:Els   6.00 EUR
  Income:Bar                   -6.00 EUR

2021-08-15 txn "Yvan bought 2 items for €2.70"
  timestamp: "2021-08-15 13:50:12.194768"
  type: "purchase"
  Assets:Inventory:Bar             -1 COKE
  Liabilities:Bar:Members:Yvan      1 COKE
  Assets:Inventory:Bar             -1 CHIP
  Liabilities:Bar:Members:Yvan      1 CHIP
  Liabilities:Bar:Members:Yvan   2.70 EUR 
  Income:Bar                    -2.70 EUR 

2021-08-15 txn "Yvan bought 2 items for €2.70"
  timestamp: "2021-08-15 16:53:11.858633"
  type: "purchase"
  Assets:Inventory:Bar             -1 FANTA
  Liabilities:Bar:Members:Yvan      1 FANTA
  Assets:Inventory:Bar             -1 CHIP 
  Liabilities:Bar:Members:Yvan      1 CHIP 
  Liabilities:Bar:Members:Yvan   2.70 EUR  
  Income:Bar                    -2.70 EUR  

2021-08-16 txn "Yvan bought 1 items for €1.50"
  timestamp: "2021-08-16 07:29:54.666031"
  type: "purchase"
  Assets:Inventory:Bar             -1 COKE
  Liabilities:Bar:Members:Yvan      1 COKE
  Liabilities:Bar:Members:Yvan   1.50 EUR 
  Income:Bar                    -1.50 EUR 

2021-08-16 txn "Yvan bought 2 items for €2.10"
  timestamp: "2021-08-16 10:25:27.078347"
  type: "purchase"
  Assets:Inventory:Bar             -1 ICETEA
  Liabilities:Bar:Members:Yvan      1 ICETEA
  Assets:Inventory:Bar             -1 TWIX  
  Liabilities:Bar:Members:Yvan      1 TWIX  
  Liabilities:Bar:Members:Yvan   2.10 EUR   
  Income:Bar                    -2.10 EUR   

2021-08-16 txn "Yvan bought 1 items for €0.60"
  timestamp: "2021-08-16 11:37:38.755591"
  type: "purchase"
  Assets:Inventory:Bar             -1 ICE_CREAM
  Liabilities:Bar:Members:Yvan      1 ICE_CREAM
  Liabilities:Bar:Members:Yvan   0.60 EUR      
  Income:Bar                    -0.60 EUR      

2021-08-16 txn "Bloemist gave --CASH-- a gift of €30.00"
  timestamp: "2021-08-16 13:20:53.861922"
  type: "transfer"
  Liabilities:Bar:Members:Bloemist   30.00 EUR
  Assets:Cash:Bar                   -30.00 EUR

2021-08-16 txn "Bloemist bought 1 items for €1.50"
  timestamp: "2021-08-16 13:21:31.495709"
  type: "purchase"
  Assets:Inventory:Bar                 -1 ICETEA
  Liabilities:Bar:Members:Bloemist      1 ICETEA
  Liabilities:Bar:Members:Bloemist   1.50 EUR   
  Income:Bar                        -1.50 EUR   

2021-08-16 txn "Bloemist bought 1 items for €2.00"
  timestamp: "2021-08-16 14:10:21.131504"
  type: "purchase"
  Assets:Inventory:Bar                 -1 CM 
  Liabilities:Bar:Members:Bloemist      1 CM 
  Liabilities:Bar:Members:Bloemist   2.00 EUR
  Income:Bar                        -2.00 EUR

2021-08-16 txn "Carro​armato0 bought 3 items for €1.80"
  timestamp: "2021-08-16 15:15:48.566823"
  type: "purchase"
  Assets:Inventory:Bar                     -1 KITKAT  
  Liabilities:Bar:Members:Carroarmato0      1 KITKAT  
  Assets:Inventory:Bar                     -1 SNICKERS
  Liabilities:Bar:Members:Carroarmato0      1 SNICKERS
  Assets:Inventory:Bar                     -1 TWIX    
  Liabilities:Bar:Members:Carroarmato0      1 TWIX    
  Liabilities:Bar:Members:Carroarmato0   1.80 EUR     
  Income:Bar                            -1.80 EUR     

2021-08-16 txn "Carro​armato0 bought 1 items for €1.20"
  timestamp: "2021-08-16 15:53:55.790074"
  type: "purchase"
  Assets:Inventory:Bar                     -1 CHIP
  Liabilities:Bar:Members:Carroarmato0      1 CHIP
  Liabilities:Bar:Members:Carroarmato0   1.20 EUR 
  Income:Bar                            -1.20 EUR 

2021-08-16 txn "Carro​armato0 bought 2 items for €1.40"
  timestamp: "2021-08-16 16:54:34.249042"
  type: "purchase"
  Assets:Inventory:Bar                     -2 PICKUP
  Liabilities:Bar:Members:Carroarmato0      2 PICKUP
  Liabilities:Bar:Members:Carroarmato0   1.40 EUR   
  Income:Bar                            -1.40 EUR   

2021-08-16 txn "Carro​armato0 bought 2 items for €2.10"
  timestamp: "2021-08-16 18:39:58.056518"
  type: "purchase"
  Assets:Inventory:Bar                     -1 BOUNTY
  Liabilities:Bar:Members:Carroarmato0      1 BOUNTY
  Assets:Inventory:Bar                     -1 ICETEA
  Liabilities:Bar:Members:Carroarmato0      1 ICETEA
  Liabilities:Bar:Members:Carroarmato0   2.10 EUR   
  Income:Bar                            -2.10 EUR   

2021-08-16 txn "Carro​armato0 deposited €5.00"
  timestamp: "2021-08-16 20:07:29.993747"
  type: "deposit"
  Liabilities:Bar:Members:Carroarmato0  -5.00 EUR
  Assets:Cash:Bar                        5.00 EUR

2021-08-16 txn "Carro​armato0 bought 1 items for €0.60"
  timestamp: "2021-08-16 20:07:45.202206"
  type: "purchase"
  Assets:Inventory:Bar                     -1 KITKAT
  Liabilities:Bar:Members:Carroarmato0      1 KITKAT
  Liabilities:Bar:Members:Carroarmato0   0.60 EUR   
  Income:Bar                            -0.60 EUR   

2021-08-16 txn "Carro​armato0 bought 1 items for €1.20"
  timestamp: "2021-08-16 20:10:25.748079"
  type: "purchase"
  Assets:Inventory:Bar                     -1 CHIP
  Liabilities:Bar:Members:Carroarmato0      1 CHIP
  Liabilities:Bar:Members:Carroarmato0   1.20 EUR 
  Income:Bar                            -1.20 EUR 

2021-08-16 txn "Carro​armato0 bought 1 items for €0.60"
  timestamp: "2021-08-16 20:14:26.639064"
  type: "purchase"
  Assets:Inventory:Bar                     -1 BOUNTY
  Liabilities:Bar:Members:Carroarmato0      1 BOUNTY
  Liabilities:Bar:Members:Carroarmato0   0.60 EUR   
  Income:Bar                            -0.60 EUR   

2021-08-17 txn "Evils bought 2 items for €3.00"
  timestamp: "2021-08-17 09:24:35.172133"
  type: "purchase"
  Assets:Inventory:Bar              -1 FANTA    
  Liabilities:Bar:Members:Elvis      1 FANTA    
  Assets:Inventory:Bar              -1 SCHWEPPES
  Liabilities:Bar:Members:Elvis      1 SCHWEPPES
  Liabilities:Bar:Members:Elvis   3.00 EUR      
  Income:Bar                     -3.00 EUR      

2021-08-17 txn "Sander bought 1 items for €1.50"
  timestamp: "2021-08-17 09:55:33.625150"
  type: "purchase"
  Assets:Inventory:Bar               -1 COKE
  Liabilities:Bar:Members:Sander      1 COKE
  Liabilities:Bar:Members:Sander   1.50 EUR 
  Income:Bar                      -1.50 EUR 

2021-08-17 txn "Sander bought 1 items for €0.60"
  timestamp: "2021-08-17 14:14:12.033417"
  type: "purchase"
  Assets:Inventory:Bar               -1 BOUNTY
  Liabilities:Bar:Members:Sander      1 BOUNTY
  Liabilities:Bar:Members:Sander   0.60 EUR   
  Income:Bar                      -0.60 EUR   

2021-08-17 txn "Sander bought 1 items for €1.50"
  timestamp: "2021-08-17 14:40:23.837893"
  type: "purchase"
  Assets:Inventory:Bar               -1 SCHWEPPES
  Liabilities:Bar:Members:Sander      1 SCHWEPPES
  Liabilities:Bar:Members:Sander   1.50 EUR      
  Income:Bar                      -1.50 EUR      

2021-08-17 txn "Carro​armato0 bought 2 items for €1.20"
  timestamp: "2021-08-17 16:43:06.848935"
  type: "purchase"
  Assets:Inventory:Bar                     -1 KITKAT
  Liabilities:Bar:Members:Carroarmato0      1 KITKAT
  Assets:Inventory:Bar                     -1 TWIX  
  Liabilities:Bar:Members:Carroarmato0      1 TWIX  
  Liabilities:Bar:Members:Carroarmato0   1.20 EUR   
  Income:Bar                            -1.20 EUR   

2021-08-17 txn "Carro​armato0 bought 1 items for €1.20"
  timestamp: "2021-08-17 16:54:35.679099"
  type: "purchase"
  Assets:Inventory:Bar                     -1 CHIP
  Liabilities:Bar:Members:Carroarmato0      1 CHIP
  Liabilities:Bar:Members:Carroarmato0   1.20 EUR 
  Income:Bar                            -1.20 EUR 

2021-08-17 txn "Sander bought 1 items for €1.50"
  timestamp: "2021-08-17 18:19:11.501843"
  type: "purchase"
  Assets:Inventory:Bar               -1 COKE
  Liabilities:Bar:Members:Sander      1 COKE
  Liabilities:Bar:Members:Sander   1.50 EUR 
  Income:Bar                      -1.50 EUR 

2021-08-17 txn "Carro​armato0 bought 2 items for €2.60"
  timestamp: "2021-08-17 18:48:04.450229"
  type: "purchase"
  Assets:Inventory:Bar                     -1 CM    
  Liabilities:Bar:Members:Carroarmato0      1 CM    
  Assets:Inventory:Bar                     -1 BOUNTY
  Liabilities:Bar:Members:Carroarmato0      1 BOUNTY
  Liabilities:Bar:Members:Carroarmato0   2.60 EUR   
  Income:Bar                            -2.60 EUR   

2021-08-19 txn "Yvan bought 1 items for €1.50"
  timestamp: "2021-08-19 06:11:27.063928"
  type: "purchase"
  Assets:Inventory:Bar             -1 ICETEA
  Liabilities:Bar:Members:Yvan      1 ICETEA
  Liabilities:Bar:Members:Yvan   1.50 EUR   
  Income:Bar                    -1.50 EUR   

2021-08-19 txn "TQ bought 1 items for €2.00"
  timestamp: "2021-08-19 09:17:14.511514"
  type: "purchase"
  Assets:Inventory:Bar                -1 CMRED
  Liabilities:Bar:Members:Thequux      1 CMRED
  Liabilities:Bar:Members:Thequux   2.00 EUR  
  Income:Bar                       -2.00 EUR  

2021-08-19 txn "Yvan bought 1 items for €0.60"
  timestamp: "2021-08-19 09:31:21.142433"
  type: "purchase"
  Assets:Inventory:Bar             -1 KITKAT
  Liabilities:Bar:Members:Yvan      1 KITKAT
  Liabilities:Bar:Members:Yvan   0.60 EUR   
  Income:Bar                    -0.60 EUR   

2021-08-19 txn "Ljaytee bought 1 items for €2.00"
  timestamp: "2021-08-19 10:56:12.967768"
  type: "purchase"
  Assets:Inventory:Bar                -1 CMRED
  Liabilities:Bar:Members:Ljaytee      1 CMRED
  Liabilities:Bar:Members:Ljaytee   2.00 EUR  
  Income:Bar                       -2.00 EUR  

2021-08-19 txn "Ljaytee deposited €-11.80"
  timestamp: "2021-08-19 10:56:48.479734"
  type: "deposit"
  Liabilities:Bar:Members:Ljaytee   11.80 EUR
  Assets:Cash:Bar                  -11.80 EUR

2021-08-19 txn "Ljaytee deposited €23.60"
  timestamp: "2021-08-19 10:57:44.199611"
  type: "deposit"
  Liabilities:Bar:Members:Ljaytee  -23.60 EUR
  Assets:Cash:Bar                   23.60 EUR

2021-08-19 txn "Yvan bought 1 items for €1.50"
  timestamp: "2021-08-19 10:59:16.621354"
  type: "purchase"
  Assets:Inventory:Bar             -1 ICETEA
  Liabilities:Bar:Members:Yvan      1 ICETEA
  Liabilities:Bar:Members:Yvan   1.50 EUR   
  Income:Bar                    -1.50 EUR   

2021-08-19 txn "Yvan bought 1 items for €1.50"
  timestamp: "2021-08-19 13:04:53.039976"
  type: "purchase"
  Assets:Inventory:Bar             -1 ICETEA
  Liabilities:Bar:Members:Yvan      1 ICETEA
  Liabilities:Bar:Members:Yvan   1.50 EUR   
  Income:Bar                    -1.50 EUR   

2021-08-19 txn "Ljaytee bought 2 items for €1.80"
  timestamp: "2021-08-19 13:10:09.260361"
  type: "purchase"
  Assets:Inventory:Bar                -1 CHIP
  Liabilities:Bar:Members:Ljaytee      1 CHIP
  Assets:Inventory:Bar                -1 MARS
  Liabilities:Bar:Members:Ljaytee      1 MARS
  Liabilities:Bar:Members:Ljaytee   1.80 EUR 
  Income:Bar                       -1.80 EUR 

2021-08-19 txn "Ljaytee bought 1 items for €0.60"
  timestamp: "2021-08-19 14:18:38.713355"
  type: "purchase"
  Assets:Inventory:Bar                -1 MARS
  Liabilities:Bar:Members:Ljaytee      1 MARS
  Liabilities:Bar:Members:Ljaytee   0.60 EUR 
  Income:Bar                       -0.60 EUR 

2021-08-19 txn "Yvan bought 1 items for €0.60"
  timestamp: "2021-08-19 14:25:27.221703"
  type: "purchase"
  Assets:Inventory:Bar             -1 BOUNTY
  Liabilities:Bar:Members:Yvan      1 BOUNTY
  Liabilities:Bar:Members:Yvan   0.60 EUR   
  Income:Bar                    -0.60 EUR   

2021-08-19 txn "Bloemist bought 1 items for €2.00"
  timestamp: "2021-08-19 14:43:14.875976"
  type: "purchase"
  Assets:Inventory:Bar                 -1 CM 
  Liabilities:Bar:Members:Bloemist      1 CM 
  Liabilities:Bar:Members:Bloemist   2.00 EUR
  Income:Bar                        -2.00 EUR

2021-08-19 txn "Bloemist bought 3 items for €1.80"
  timestamp: "2021-08-19 15:06:49.094546"
  type: "purchase"
  Assets:Inventory:Bar                 -1 TWIX 
  Liabilities:Bar:Members:Bloemist      1 TWIX 
  Assets:Inventory:Bar                 -2 SNACK
  Liabilities:Bar:Members:Bloemist      2 SNACK
  Liabilities:Bar:Members:Bloemist   1.80 EUR  
  Income:Bar                        -1.80 EUR  

2021-08-19 txn "Bloemist bought 1 items for €0.60"
  timestamp: "2021-08-19 15:20:42.193675"
  type: "purchase"
  Assets:Inventory:Bar                 -1 TWIX
  Liabilities:Bar:Members:Bloemist      1 TWIX
  Liabilities:Bar:Members:Bloemist   0.60 EUR 
  Income:Bar                        -0.60 EUR 

2021-08-19 txn "Bloemist bought 1 items for €0.60"
  timestamp: "2021-08-19 15:35:38.584539"
  type: "purchase"
  Assets:Inventory:Bar                 -1 TWIX
  Liabilities:Bar:Members:Bloemist      1 TWIX
  Liabilities:Bar:Members:Bloemist   0.60 EUR 
  Income:Bar                        -0.60 EUR 

2021-08-19 txn "Carro​armato0 bought 2 items for €2.20"
  timestamp: "2021-08-19 16:12:05.921567"
  type: "purchase"
  Assets:Inventory:Bar                     -1 ICETEA
  Liabilities:Bar:Members:Carroarmato0      1 ICETEA
  Assets:Inventory:Bar                     -1 PICKUP
  Liabilities:Bar:Members:Carroarmato0      1 PICKUP
  Liabilities:Bar:Members:Carroarmato0   2.20 EUR   
  Income:Bar                            -2.20 EUR   

2021-08-19 txn "Evils bought 1 items for €0.60"
  timestamp: "2021-08-19 16:14:00.490136"
  type: "purchase"
  Assets:Inventory:Bar              -1 ICE_CREAM
  Liabilities:Bar:Members:Elvis      1 ICE_CREAM
  Liabilities:Bar:Members:Elvis   0.60 EUR      
  Income:Bar                     -0.60 EUR      

2021-08-19 txn "Merlijn bought 1 items for €2.00"
  timestamp: "2021-08-19 16:58:38.242201"
  type: "purchase"
  Assets:Inventory:Bar                -1 CIDER
  Liabilities:Bar:Members:Merlijn      1 CIDER
  Liabilities:Bar:Members:Merlijn   2.00 EUR  
  Income:Bar                       -2.00 EUR  

2021-08-19 txn "Ruben bought 1 items for €1.50"
  timestamp: "2021-08-19 17:39:16.005093"
  type: "purchase"
  Assets:Inventory:Bar              -1 JUPILER
  Liabilities:Bar:Members:Ruben      1 JUPILER
  Liabilities:Bar:Members:Ruben   1.50 EUR    
  Income:Bar                     -1.50 EUR    

2021-08-19 txn "Ruben deposited €20.00"
  timestamp: "2021-08-19 17:39:40.571675"
  type: "deposit"
  Liabilities:Bar:Members:Ruben  -20.00 EUR
  Assets:Cash:Bar                 20.00 EUR

2021-08-19 txn "Ruben bought 1 items for €2.00"
  timestamp: "2021-08-19 18:24:20.820104"
  type: "purchase"
  Assets:Inventory:Bar              -1 CIDER
  Liabilities:Bar:Members:Ruben      1 CIDER
  Liabilities:Bar:Members:Ruben   2.00 EUR  
  Income:Bar                     -2.00 EUR  

2021-08-19 txn "Evils bought 2 items for €1.20"
  timestamp: "2021-08-19 18:28:02.384765"
  type: "purchase"
  Assets:Inventory:Bar              -1 BOUNTY
  Liabilities:Bar:Members:Elvis      1 BOUNTY
  Assets:Inventory:Bar              -1 KITKAT
  Liabilities:Bar:Members:Elvis      1 KITKAT
  Liabilities:Bar:Members:Elvis   1.20 EUR   
  Income:Bar                     -1.20 EUR   

2021-08-19 txn "Yvan bought 1 items for €1.50"
  timestamp: "2021-08-19 18:32:31.485794"
  type: "purchase"
  Assets:Inventory:Bar             -1 ICETEA
  Liabilities:Bar:Members:Yvan      1 ICETEA
  Liabilities:Bar:Members:Yvan   1.50 EUR   
  Income:Bar                    -1.50 EUR   

2021-08-19 txn "Stefaan bought 1 items for €0.60"
  timestamp: "2021-08-19 18:41:17.503041"
  type: "purchase"
  Assets:Inventory:Bar                -1 KITKAT
  Liabilities:Bar:Members:Stefaan      1 KITKAT
  Liabilities:Bar:Members:Stefaan   0.60 EUR   
  Income:Bar                       -0.60 EUR   

2021-08-19 txn "Carro​armato0 deposited €50.00"
  timestamp: "2021-08-19 18:44:53.269064"
  type: "deposit"
  Liabilities:Bar:Members:Carroarmato0  -50.00 EUR
  Assets:Cash:Bar                        50.00 EUR

2021-08-19 txn "Carro​armato0 bought 2 items for €2.10"
  timestamp: "2021-08-19 18:45:22.829345"
  type: "purchase"
  Assets:Inventory:Bar                     -1 FANTA
  Liabilities:Bar:Members:Carroarmato0      1 FANTA
  Assets:Inventory:Bar                     -1 TWIX 
  Liabilities:Bar:Members:Carroarmato0      1 TWIX 
  Liabilities:Bar:Members:Carroarmato0   2.10 EUR  
  Income:Bar                            -2.10 EUR  

2021-08-19 txn "Stefaan bought 1 items for €0.60"
  timestamp: "2021-08-19 19:01:17.737281"
  type: "purchase"
  Assets:Inventory:Bar                -1 KITKAT
  Liabilities:Bar:Members:Stefaan      1 KITKAT
  Liabilities:Bar:Members:Stefaan   0.60 EUR   
  Income:Bar                       -0.60 EUR   

2021-08-19 txn "Ruben bought 1 items for €1.50"
  timestamp: "2021-08-19 19:12:29.007717"
  type: "purchase"
  Assets:Inventory:Bar              -1 KRIEK
  Liabilities:Bar:Members:Ruben      1 KRIEK
  Liabilities:Bar:Members:Ruben   1.50 EUR  
  Income:Bar                     -1.50 EUR  

2021-08-19 txn "Stefaan bought 1 items for €0.60"
  timestamp: "2021-08-19 19:25:28.151072"
  type: "purchase"
  Assets:Inventory:Bar                -1 KITKAT
  Liabilities:Bar:Members:Stefaan      1 KITKAT
  Liabilities:Bar:Members:Stefaan   0.60 EUR   
  Income:Bar                       -0.60 EUR   

2021-08-19 txn "Merlijn bought 1 items for €0.60"
  timestamp: "2021-08-19 19:31:08.889171"
  type: "purchase"
  Assets:Inventory:Bar                -1 TWIX
  Liabilities:Bar:Members:Merlijn      1 TWIX
  Liabilities:Bar:Members:Merlijn   0.60 EUR 
  Income:Bar                       -0.60 EUR 

2021-08-19 txn "Carro​armato0 bought 1 items for €1.50"
  timestamp: "2021-08-19 19:46:28.959649"
  type: "purchase"
  Assets:Inventory:Bar                     -1 ICETEA
  Liabilities:Bar:Members:Carroarmato0      1 ICETEA
  Liabilities:Bar:Members:Carroarmato0   1.50 EUR   
  Income:Bar                            -1.50 EUR   

2021-08-19 txn "Ruben bought 1 items for €1.50"
  timestamp: "2021-08-19 20:19:18.274132"
  type: "purchase"
  Assets:Inventory:Bar              -1 FANTA
  Liabilities:Bar:Members:Ruben      1 FANTA
  Liabilities:Bar:Members:Ruben   1.50 EUR  
  Income:Bar                     -1.50 EUR  

2021-08-19 txn "Ruben bought 1 items for €1.50"
  timestamp: "2021-08-19 20:19:25.939786"
  type: "purchase"
  Assets:Inventory:Bar              -1 JUPILER
  Liabilities:Bar:Members:Ruben      1 JUPILER
  Liabilities:Bar:Members:Ruben   1.50 EUR    
  Income:Bar                     -1.50 EUR    

2021-08-19 txn "Carro​armato0 bought 1 items for €1.50"
  timestamp: "2021-08-19 20:33:40.337752"
  type: "purchase"
  Assets:Inventory:Bar                     -1 SCHWEPPES
  Liabilities:Bar:Members:Carroarmato0      1 SCHWEPPES
  Liabilities:Bar:Members:Carroarmato0   1.50 EUR      
  Income:Bar                            -1.50 EUR      

2021-08-19 txn "Yvan bought 1 items for €1.50"
  timestamp: "2021-08-19 20:40:51.939858"
  type: "purchase"
  Assets:Inventory:Bar             -1 ICETEA
  Liabilities:Bar:Members:Yvan      1 ICETEA
  Liabilities:Bar:Members:Yvan   1.50 EUR   
  Income:Bar                    -1.50 EUR   

2021-08-20 txn "Bloemist bought 1 items for €0.60"
  timestamp: "2021-08-20 01:03:38.656820"
  type: "purchase"
  Assets:Inventory:Bar                 -1 TWIX
  Liabilities:Bar:Members:Bloemist      1 TWIX
  Liabilities:Bar:Members:Bloemist   0.60 EUR 
  Income:Bar                        -0.60 EUR 

2021-08-20 txn "Bloemist bought 1 items for €2.00"
  timestamp: "2021-08-20 02:20:47.181958"
  type: "purchase"
  Assets:Inventory:Bar                 -1 CM 
  Liabilities:Bar:Members:Bloemist      1 CM 
  Liabilities:Bar:Members:Bloemist   2.00 EUR
  Income:Bar                        -2.00 EUR

2021-08-20 txn "Yvan bought 1 items for €1.50"
  timestamp: "2021-08-20 10:50:26.195510"
  type: "purchase"
  Assets:Inventory:Bar             -1 ICETEA
  Liabilities:Bar:Members:Yvan      1 ICETEA
  Liabilities:Bar:Members:Yvan   1.50 EUR   
  Income:Bar                    -1.50 EUR   

2021-08-20 txn "Ljaytee bought 2 items for €2.60"
  timestamp: "2021-08-20 11:31:09.509329"
  type: "purchase"
  Assets:Inventory:Bar                -1 CM  
  Liabilities:Bar:Members:Ljaytee      1 CM  
  Assets:Inventory:Bar                -1 MARS
  Liabilities:Bar:Members:Ljaytee      1 MARS
  Liabilities:Bar:Members:Ljaytee   2.60 EUR 
  Income:Bar                       -2.60 EUR 

2021-08-20 txn "Ljaytee bought 1 items for €0.60"
  timestamp: "2021-08-20 11:48:37.525389"
  type: "purchase"
  Assets:Inventory:Bar                -1 KITKAT
  Liabilities:Bar:Members:Ljaytee      1 KITKAT
  Liabilities:Bar:Members:Ljaytee   0.60 EUR   
  Income:Bar                       -0.60 EUR   

2021-08-20 txn "Ljaytee bought 1 items for €2.00"
  timestamp: "2021-08-20 12:48:38.176672"
  type: "purchase"
  Assets:Inventory:Bar                -1 CM 
  Liabilities:Bar:Members:Ljaytee      1 CM 
  Liabilities:Bar:Members:Ljaytee   2.00 EUR
  Income:Bar                       -2.00 EUR

2021-08-20 txn "Yvan bought 1 items for €0.60"
  timestamp: "2021-08-20 14:08:50.869653"
  type: "purchase"
  Assets:Inventory:Bar             -1 KITKAT
  Liabilities:Bar:Members:Yvan      1 KITKAT
  Liabilities:Bar:Members:Yvan   0.60 EUR   
  Income:Bar                    -0.60 EUR   

2021-08-20 txn "Evils bought 1 items for €2.00"
  timestamp: "2021-08-20 14:25:09.552143"
  type: "purchase"
  Assets:Inventory:Bar              -1 CM 
  Liabilities:Bar:Members:Elvis      1 CM 
  Liabilities:Bar:Members:Elvis   2.00 EUR
  Income:Bar                     -2.00 EUR

2021-08-20 txn "Evils gave lonely​celt a gift of €3.60"
  timestamp: "2021-08-20 14:25:41.060475"
  type: "transfer"
  Liabilities:Bar:Members:Elvis        3.60 EUR
  Liabilities:Bar:Members:Lonelycelt  -3.60 EUR

2021-08-20 txn "Evils bought 2 items for €2.10"
  timestamp: "2021-08-20 17:40:05.595636"
  type: "purchase"
  Assets:Inventory:Bar              -1 SCHWEPPES
  Liabilities:Bar:Members:Elvis      1 SCHWEPPES
  Assets:Inventory:Bar              -1 KITKAT   
  Liabilities:Bar:Members:Elvis      1 KITKAT   
  Liabilities:Bar:Members:Elvis   2.10 EUR      
  Income:Bar                     -2.10 EUR      

2021-08-20 txn "Evils gave TQ a gift of €2.34"
  timestamp: "2021-08-20 17:41:19.474623"
  type: "transfer"
  Liabilities:Bar:Members:Elvis     2.34 EUR
  Liabilities:Bar:Members:Thequux  -2.34 EUR

2021-08-20 txn "TQ bought 4 items for €2.40"
  timestamp: "2021-08-20 17:52:54.492231"
  type: "purchase"
  Assets:Inventory:Bar                -1 BOUNTY  
  Liabilities:Bar:Members:Thequux      1 BOUNTY  
  Assets:Inventory:Bar                -1 MARS    
  Liabilities:Bar:Members:Thequux      1 MARS    
  Assets:Inventory:Bar                -1 SNICKERS
  Liabilities:Bar:Members:Thequux      1 SNICKERS
  Assets:Inventory:Bar                -1 KITKAT  
  Liabilities:Bar:Members:Thequux      1 KITKAT  
  Liabilities:Bar:Members:Thequux   2.40 EUR     
  Income:Bar                       -2.40 EUR     

2021-08-21 txn "Yvan bought 1 items for €1.50"
  timestamp: "2021-08-21 11:37:39.961441"
  type: "purchase"
  Assets:Inventory:Bar             -1 COKE
  Liabilities:Bar:Members:Yvan      1 COKE
  Liabilities:Bar:Members:Yvan   1.50 EUR 
  Income:Bar                    -1.50 EUR 

2021-08-21 txn "Bloemist bought 2 items for €3.00"
  timestamp: "2021-08-21 14:52:56.210483"
  type: "purchase"
  Assets:Inventory:Bar                 -2 ICETEA
  Liabilities:Bar:Members:Bloemist      2 ICETEA
  Liabilities:Bar:Members:Bloemist   3.00 EUR   
  Income:Bar                        -3.00 EUR   

2021-08-21 txn "Yvan bought 2 items for €2.10"
  timestamp: "2021-08-21 14:56:21.361903"
  type: "purchase"
  Assets:Inventory:Bar             -1 ICETEA
  Liabilities:Bar:Members:Yvan      1 ICETEA
  Assets:Inventory:Bar             -1 KITKAT
  Liabilities:Bar:Members:Yvan      1 KITKAT
  Liabilities:Bar:Members:Yvan   2.10 EUR   
  Income:Bar                    -2.10 EUR   

2021-08-21 txn "Bloemist bought 1 items for €2.00"
  timestamp: "2021-08-21 14:57:50.416454"
  type: "purchase"
  Assets:Inventory:Bar                 -1 CMRED
  Liabilities:Bar:Members:Bloemist      1 CMRED
  Liabilities:Bar:Members:Bloemist   2.00 EUR  
  Income:Bar                        -2.00 EUR  

2021-08-21 txn "Yvan bought 1 items for €1.50"
  timestamp: "2021-08-21 18:13:48.537744"
  type: "purchase"
  Assets:Inventory:Bar             -1 ICETEA
  Liabilities:Bar:Members:Yvan      1 ICETEA
  Liabilities:Bar:Members:Yvan   1.50 EUR   
  Income:Bar                    -1.50 EUR   

2021-08-21 txn "Yvan bought 1 items for €1.20"
  timestamp: "2021-08-21 20:13:50.539706"
  type: "purchase"
  Assets:Inventory:Bar             -1 CHIP
  Liabilities:Bar:Members:Yvan      1 CHIP
  Liabilities:Bar:Members:Yvan   1.20 EUR 
  Income:Bar                    -1.20 EUR 

2021-08-22 txn "Ljaytee deposited €7.60"
  timestamp: "2021-08-22 13:50:21.861344"
  type: "deposit"
  Liabilities:Bar:Members:Ljaytee  -7.60 EUR
  Assets:Cash:Bar                   7.60 EUR

2021-08-22 txn "Ljaytee bought 2 items for €2.60"
  timestamp: "2021-08-22 13:50:46.549175"
  type: "purchase"
  Assets:Inventory:Bar                -1 CM    
  Liabilities:Bar:Members:Ljaytee      1 CM    
  Assets:Inventory:Bar                -1 KITKAT
  Liabilities:Bar:Members:Ljaytee      1 KITKAT
  Liabilities:Bar:Members:Ljaytee   2.60 EUR   
  Income:Bar                       -2.60 EUR   

2021-08-22 txn "TQ bought 1 items for €1.50"
  timestamp: "2021-08-22 14:25:48.573826"
  type: "purchase"
  Assets:Inventory:Bar                -1 KRIEK
  Liabilities:Bar:Members:Thequux      1 KRIEK
  Liabilities:Bar:Members:Thequux   1.50 EUR  
  Income:Bar                       -1.50 EUR  

2021-08-22 txn "TQ bought 1 items for €0.60"
  timestamp: "2021-08-22 16:15:16.921650"
  type: "purchase"
  Assets:Inventory:Bar                -1 BOUNTY
  Liabilities:Bar:Members:Thequux      1 BOUNTY
  Liabilities:Bar:Members:Thequux   0.60 EUR   
  Income:Bar                       -0.60 EUR   

2021-08-22 txn "TQ bought 1 items for €1.20"
  timestamp: "2021-08-22 17:17:03.501645"
  type: "purchase"
  Assets:Inventory:Bar                -1 CHIP
  Liabilities:Bar:Members:Thequux      1 CHIP
  Liabilities:Bar:Members:Thequux   1.20 EUR 
  Income:Bar                       -1.20 EUR 

2021-08-23 txn "TQ bought 3 items for €1.90"
  timestamp: "2021-08-23 09:38:38.438629"
  type: "purchase"
  Assets:Inventory:Bar                -1 PICKUP
  Liabilities:Bar:Members:Thequux      1 PICKUP
  Assets:Inventory:Bar                -1 KITKAT
  Liabilities:Bar:Members:Thequux      1 KITKAT
  Assets:Inventory:Bar                -1 MARS  
  Liabilities:Bar:Members:Thequux      1 MARS  
  Liabilities:Bar:Members:Thequux   1.90 EUR   
  Income:Bar                       -1.90 EUR   

2021-08-23 txn "Ljaytee bought 2 items for €2.10"
  timestamp: "2021-08-23 12:04:39.775297"
  type: "purchase"
  Assets:Inventory:Bar                -1 COKE  
  Liabilities:Bar:Members:Ljaytee      1 COKE  
  Assets:Inventory:Bar                -1 KITKAT
  Liabilities:Bar:Members:Ljaytee      1 KITKAT
  Liabilities:Bar:Members:Ljaytee   2.10 EUR   
  Income:Bar                       -2.10 EUR   

2021-08-23 txn "Yvan bought 1 items for €1.50"
  timestamp: "2021-08-23 12:07:28.803505"
  type: "purchase"
  Assets:Inventory:Bar             -1 COKE
  Liabilities:Bar:Members:Yvan      1 COKE
  Liabilities:Bar:Members:Yvan   1.50 EUR 
  Income:Bar                    -1.50 EUR 

2021-08-23 txn "Ljaytee bought 1 items for €1.50"
  timestamp: "2021-08-23 13:19:08.975746"
  type: "purchase"
  Assets:Inventory:Bar                -1 COKE
  Liabilities:Bar:Members:Ljaytee      1 COKE
  Liabilities:Bar:Members:Ljaytee   1.50 EUR 
  Income:Bar                       -1.50 EUR 

2021-08-23 txn "Yvan bought 2 items for €1.20"
  timestamp: "2021-08-23 13:41:25.063719"
  type: "purchase"
  Assets:Inventory:Bar             -2 KITKAT
  Liabilities:Bar:Members:Yvan      2 KITKAT
  Liabilities:Bar:Members:Yvan   1.20 EUR   
  Income:Bar                    -1.20 EUR   

2021-08-23 txn "Ljaytee bought 2 items for €2.60"
  timestamp: "2021-08-23 14:01:15.509458"
  type: "purchase"
  Assets:Inventory:Bar                -1 CMRED
  Liabilities:Bar:Members:Ljaytee      1 CMRED
  Assets:Inventory:Bar                -1 MARS 
  Liabilities:Bar:Members:Ljaytee      1 MARS 
  Liabilities:Bar:Members:Ljaytee   2.60 EUR  
  Income:Bar                       -2.60 EUR  

2021-08-23 txn "Yvan bought 1 items for €1.50"
  timestamp: "2021-08-23 14:23:57.998775"
  type: "purchase"
  Assets:Inventory:Bar             -1 ICETEA
  Liabilities:Bar:Members:Yvan      1 ICETEA
  Liabilities:Bar:Members:Yvan   1.50 EUR   
  Income:Bar                    -1.50 EUR   

2021-08-23 txn "Yvan bought 2 items for €2.10"
  timestamp: "2021-08-23 15:30:38.606000"
  type: "purchase"
  Assets:Inventory:Bar             -1 COKE     
  Liabilities:Bar:Members:Yvan      1 COKE     
  Assets:Inventory:Bar             -1 ICE_CREAM
  Liabilities:Bar:Members:Yvan      1 ICE_CREAM
  Liabilities:Bar:Members:Yvan   2.10 EUR      
  Income:Bar                    -2.10 EUR      

2021-08-23 txn "Evils bought 1 items for €1.50"
  timestamp: "2021-08-23 16:28:46.919504"
  type: "purchase"
  Assets:Inventory:Bar              -1 SCHWEPPES
  Liabilities:Bar:Members:Elvis      1 SCHWEPPES
  Liabilities:Bar:Members:Elvis   1.50 EUR      
  Income:Bar                     -1.50 EUR      

2021-08-23 txn "Yvan bought 2 items for €2.70"
  timestamp: "2021-08-23 18:38:33.087860"
  type: "purchase"
  Assets:Inventory:Bar             -1 COKE
  Liabilities:Bar:Members:Yvan      1 COKE
  Assets:Inventory:Bar             -1 CHIP
  Liabilities:Bar:Members:Yvan      1 CHIP
  Liabilities:Bar:Members:Yvan   2.70 EUR 
  Income:Bar                    -2.70 EUR 

2021-08-24 txn "Yvan bought 1 items for €1.50"
  timestamp: "2021-08-24 07:15:50.227500"
  type: "purchase"
  Assets:Inventory:Bar             -1 COKE
  Liabilities:Bar:Members:Yvan      1 COKE
  Liabilities:Bar:Members:Yvan   1.50 EUR 
  Income:Bar                    -1.50 EUR 

2021-08-24 txn "Yvan bought 3 items for €2.70"
  timestamp: "2021-08-24 08:55:39.509738"
  type: "purchase"
  Assets:Inventory:Bar             -1 FANTA 
  Liabilities:Bar:Members:Yvan      1 FANTA 
  Assets:Inventory:Bar             -2 KITKAT
  Liabilities:Bar:Members:Yvan      2 KITKAT
  Liabilities:Bar:Members:Yvan   2.70 EUR   
  Income:Bar                    -2.70 EUR   

2021-08-24 txn "TQ bought 3 items for €3.90"
  timestamp: "2021-08-24 10:17:50.559851"
  type: "purchase"
  Assets:Inventory:Bar                -1 CM    
  Liabilities:Bar:Members:Thequux      1 CM    
  Assets:Inventory:Bar                -1 CHIP  
  Liabilities:Bar:Members:Thequux      1 CHIP  
  Assets:Inventory:Bar                -1 PICKUP
  Liabilities:Bar:Members:Thequux      1 PICKUP
  Liabilities:Bar:Members:Thequux   3.90 EUR   
  Income:Bar                       -3.90 EUR   

2021-08-24 txn "Carro​armato0 bought 4 items for €3.30"
  timestamp: "2021-08-24 16:32:49.006381"
  type: "purchase"
  Assets:Inventory:Bar                     -1 ICETEA  
  Liabilities:Bar:Members:Carroarmato0      1 ICETEA  
  Assets:Inventory:Bar                     -1 BOUNTY  
  Liabilities:Bar:Members:Carroarmato0      1 BOUNTY  
  Assets:Inventory:Bar                     -1 SNICKERS
  Liabilities:Bar:Members:Carroarmato0      1 SNICKERS
  Assets:Inventory:Bar                     -1 TWIX    
  Liabilities:Bar:Members:Carroarmato0      1 TWIX    
  Liabilities:Bar:Members:Carroarmato0   3.30 EUR     
  Income:Bar                            -3.30 EUR     

2021-08-24 txn "TQ bought 2 items for €1.40"
  timestamp: "2021-08-24 17:09:03.599792"
  type: "purchase"
  Assets:Inventory:Bar                -2 PICKUP
  Liabilities:Bar:Members:Thequux      2 PICKUP
  Liabilities:Bar:Members:Thequux   1.40 EUR   
  Income:Bar                       -1.40 EUR   

2021-08-24 txn "Carro​armato0 bought 3 items for €2.80"
  timestamp: "2021-08-24 17:59:43.013319"
  type: "purchase"
  Assets:Inventory:Bar                     -1 FANTA 
  Liabilities:Bar:Members:Carroarmato0      1 FANTA 
  Assets:Inventory:Bar                     -1 KITKAT
  Liabilities:Bar:Members:Carroarmato0      1 KITKAT
  Assets:Inventory:Bar                     -1 PICKUP
  Liabilities:Bar:Members:Carroarmato0      1 PICKUP
  Liabilities:Bar:Members:Carroarmato0   2.80 EUR   
  Income:Bar                            -2.80 EUR   

2021-08-24 txn "Carro​armato0 bought 1 items for €1.20"
  timestamp: "2021-08-24 20:01:08.788086"
  type: "purchase"
  Assets:Inventory:Bar                     -1 CHIP
  Liabilities:Bar:Members:Carroarmato0      1 CHIP
  Liabilities:Bar:Members:Carroarmato0   1.20 EUR 
  Income:Bar                            -1.20 EUR 

2021-08-24 txn "Carro​armato0 bought 2 items for €2.10"
  timestamp: "2021-08-24 20:04:53.794381"
  type: "purchase"
  Assets:Inventory:Bar                     -1 BOUNTY   
  Liabilities:Bar:Members:Carroarmato0      1 BOUNTY   
  Assets:Inventory:Bar                     -1 SCHWEPPES
  Liabilities:Bar:Members:Carroarmato0      1 SCHWEPPES
  Liabilities:Bar:Members:Carroarmato0   2.10 EUR      
  Income:Bar                            -2.10 EUR      

2021-08-25 txn "Yvan bought 1 items for €1.50"
  timestamp: "2021-08-25 07:56:41.607518"
  type: "purchase"
  Assets:Inventory:Bar             -1 COKE
  Liabilities:Bar:Members:Yvan      1 COKE
  Liabilities:Bar:Members:Yvan   1.50 EUR 
  Income:Bar                    -1.50 EUR 

2021-08-25 txn "Yvan bought 2 items for €1.20"
  timestamp: "2021-08-25 08:51:17.083795"
  type: "purchase"
  Assets:Inventory:Bar             -2 KITKAT
  Liabilities:Bar:Members:Yvan      2 KITKAT
  Liabilities:Bar:Members:Yvan   1.20 EUR   
  Income:Bar                    -1.20 EUR   

2021-08-25 txn "Yvan bought 2 items for €2.70"
  timestamp: "2021-08-25 11:06:41.812143"
  type: "purchase"
  Assets:Inventory:Bar             -1 FANTA
  Liabilities:Bar:Members:Yvan      1 FANTA
  Assets:Inventory:Bar             -1 CHIP 
  Liabilities:Bar:Members:Yvan      1 CHIP 
  Liabilities:Bar:Members:Yvan   2.70 EUR  
  Income:Bar                    -2.70 EUR  

2021-08-25 txn "Yvan bought 2 items for €2.10"
  timestamp: "2021-08-25 13:52:05.718188"
  type: "purchase"
  Assets:Inventory:Bar             -1 KITKAT
  Liabilities:Bar:Members:Yvan      1 KITKAT
  Assets:Inventory:Bar             -1 COKE  
  Liabilities:Bar:Members:Yvan      1 COKE  
  Liabilities:Bar:Members:Yvan   2.10 EUR   
  Income:Bar                    -2.10 EUR   

2021-08-25 txn "TQ gave Evils a gift of €6.50"
  timestamp: "2021-08-25 14:17:14.451268"
  type: "transfer"
  Liabilities:Bar:Members:Thequux   6.50 EUR
  Liabilities:Bar:Members:Elvis    -6.50 EUR

2021-08-25 txn "--CASH-- bought 1 items for €1.50"
  timestamp: "2021-08-25 14:26:54.319857"
  type: "purchase"
  Assets:Inventory:Bar     -1 FANTA
  Assets:Cash:Bar           1 FANTA
  Assets:Cash:Bar        1.50 EUR  
  Income:Bar            -1.50 EUR  

2021-08-25 txn "Evils bought 1 items for €1.50"
  timestamp: "2021-08-25 14:26:57.648954"
  type: "purchase"
  Assets:Inventory:Bar              -1 SCHWEPPES
  Liabilities:Bar:Members:Elvis      1 SCHWEPPES
  Liabilities:Bar:Members:Elvis   1.50 EUR      
  Income:Bar                     -1.50 EUR      

2021-08-25 txn "TQ bought 2 items for €1.20"
  timestamp: "2021-08-25 14:36:52.167239"
  type: "purchase"
  Assets:Inventory:Bar                -1 BOUNTY
  Liabilities:Bar:Members:Thequux      1 BOUNTY
  Assets:Inventory:Bar                -1 MARS  
  Liabilities:Bar:Members:Thequux      1 MARS  
  Liabilities:Bar:Members:Thequux   1.20 EUR   
  Income:Bar                       -1.20 EUR   

2021-08-25 txn "Evils bought 1 items for €0.60"
  timestamp: "2021-08-25 15:26:05.653078"
  type: "purchase"
  Assets:Inventory:Bar              -1 MARS
  Liabilities:Bar:Members:Elvis      1 MARS
  Liabilities:Bar:Members:Elvis   0.60 EUR 
  Income:Bar                     -0.60 EUR 

2021-08-25 txn "Carro​armato0 bought 3 items for €2.70"
  timestamp: "2021-08-25 17:09:42.660025"
  type: "purchase"
  Assets:Inventory:Bar                     -1 COKE_ZERO
  Liabilities:Bar:Members:Carroarmato0      1 COKE_ZERO
  Assets:Inventory:Bar                     -1 TWIX     
  Liabilities:Bar:Members:Carroarmato0      1 TWIX     
  Assets:Inventory:Bar                     -1 SNICKERS 
  Liabilities:Bar:Members:Carroarmato0      1 SNICKERS 
  Liabilities:Bar:Members:Carroarmato0   2.70 EUR      
  Income:Bar                            -2.70 EUR      

2021-08-25 txn "Yvan bought 1 items for €1.50"
  timestamp: "2021-08-25 18:08:52.640796"
  type: "purchase"
  Assets:Inventory:Bar             -1 COKE_ZERO
  Liabilities:Bar:Members:Yvan      1 COKE_ZERO
  Liabilities:Bar:Members:Yvan   1.50 EUR      
  Income:Bar                    -1.50 EUR      

2021-08-25 txn "Carro​armato0 bought 2 items for €1.30"
  timestamp: "2021-08-25 18:28:04.840008"
  type: "purchase"
  Assets:Inventory:Bar                     -1 PICKUP
  Liabilities:Bar:Members:Carroarmato0      1 PICKUP
  Assets:Inventory:Bar                     -1 KITKAT
  Liabilities:Bar:Members:Carroarmato0      1 KITKAT
  Liabilities:Bar:Members:Carroarmato0   1.30 EUR   
  Income:Bar                            -1.30 EUR   

2021-08-25 txn "Carro​armato0 bought 1 items for €1.20"
  timestamp: "2021-08-25 18:32:02.910362"
  type: "purchase"
  Assets:Inventory:Bar                     -1 CHIP
  Liabilities:Bar:Members:Carroarmato0      1 CHIP
  Liabilities:Bar:Members:Carroarmato0   1.20 EUR 
  Income:Bar                            -1.20 EUR 

2021-08-25 txn "Carro​armato0 bought 2 items for €2.20"
  timestamp: "2021-08-25 18:36:33.990172"
  type: "purchase"
  Assets:Inventory:Bar                     -1 FANTA 
  Liabilities:Bar:Members:Carroarmato0      1 FANTA 
  Assets:Inventory:Bar                     -1 PICKUP
  Liabilities:Bar:Members:Carroarmato0      1 PICKUP
  Liabilities:Bar:Members:Carroarmato0   2.20 EUR   
  Income:Bar                            -2.20 EUR   

2021-08-25 txn "Yvan gave --CASH-- a gift of €130.00"
  timestamp: "2021-08-25 20:53:25.216720"
  type: "transfer"
  Liabilities:Bar:Members:Yvan   130.00 EUR
  Assets:Cash:Bar               -130.00 EUR

2021-08-25 txn "Carro​armato0 bought 2 items for €1.20"
  timestamp: "2021-08-25 22:01:08.927298"
  type: "purchase"
  Assets:Inventory:Bar                     -1 TWIX  
  Liabilities:Bar:Members:Carroarmato0      1 TWIX  
  Assets:Inventory:Bar                     -1 BOUNTY
  Liabilities:Bar:Members:Carroarmato0      1 BOUNTY
  Liabilities:Bar:Members:Carroarmato0   1.20 EUR   
  Income:Bar                            -1.20 EUR   

2021-08-26 txn "Ljaytee bought 1 items for €0.60"
  timestamp: "2021-08-26 15:16:19.166825"
  type: "purchase"
  Assets:Inventory:Bar                -1 MARS
  Liabilities:Bar:Members:Ljaytee      1 MARS
  Liabilities:Bar:Members:Ljaytee   0.60 EUR 
  Income:Bar                       -0.60 EUR 

2021-08-26 txn "Ljaytee deposited €6.60"
  timestamp: "2021-08-26 15:16:31.467610"
  type: "deposit"
  Liabilities:Bar:Members:Ljaytee  -6.60 EUR
  Assets:Cash:Bar                   6.60 EUR

2021-08-26 txn "Evils bought 1 items for €1.50"
  timestamp: "2021-08-26 16:09:55.903564"
  type: "purchase"
  Assets:Inventory:Bar              -1 AGRUMES
  Liabilities:Bar:Members:Elvis      1 AGRUMES
  Liabilities:Bar:Members:Elvis   1.50 EUR    
  Income:Bar                     -1.50 EUR    

2021-08-26 txn "TQ bought 2 items for €3.50"
  timestamp: "2021-08-26 16:38:53.983555"
  type: "purchase"
  Assets:Inventory:Bar                -1 JUPILER
  Liabilities:Bar:Members:Thequux      1 JUPILER
  Assets:Inventory:Bar                -1 CIDER  
  Liabilities:Bar:Members:Thequux      1 CIDER  
  Liabilities:Bar:Members:Thequux   3.50 EUR    
  Income:Bar                       -3.50 EUR    

2021-08-26 txn "--CASH-- bought 1 items for €1.50"
  timestamp: "2021-08-26 16:39:21.073116"
  type: "purchase"
  Assets:Inventory:Bar     -1 JUPILER
  Assets:Cash:Bar           1 JUPILER
  Assets:Cash:Bar        1.50 EUR    
  Income:Bar            -1.50 EUR    

2021-08-26 txn "Carro​armato0 bought 1 items for €2.50"
  timestamp: "2021-08-26 16:39:38.852840"
  type: "purchase"
  Assets:Inventory:Bar                     -1 MYSTERY
  Liabilities:Bar:Members:Carroarmato0      1 MYSTERY
  Liabilities:Bar:Members:Carroarmato0   2.50 EUR    
  Income:Bar                            -2.50 EUR    

2021-08-26 txn "Carro​armato0 bought 1 items for €0.60"
  timestamp: "2021-08-26 16:40:06.826064"
  type: "purchase"
  Assets:Inventory:Bar                     -1 TWIX
  Liabilities:Bar:Members:Carroarmato0      1 TWIX
  Liabilities:Bar:Members:Carroarmato0   0.60 EUR 
  Income:Bar                            -0.60 EUR 

2021-08-26 txn "Bloemist bought 1 items for €0.60"
  timestamp: "2021-08-26 16:50:42.205783"
  type: "purchase"
  Assets:Inventory:Bar                 -1 TWIX
  Liabilities:Bar:Members:Bloemist      1 TWIX
  Liabilities:Bar:Members:Bloemist   0.60 EUR 
  Income:Bar                        -0.60 EUR 

2021-08-26 txn "Evils bought 1 items for €0.60"
  timestamp: "2021-08-26 16:50:53.960540"
  type: "purchase"
  Assets:Inventory:Bar              -1 SNICKERS
  Liabilities:Bar:Members:Elvis      1 SNICKERS
  Liabilities:Bar:Members:Elvis   0.60 EUR     
  Income:Bar                     -0.60 EUR     

2021-08-26 txn "Bloemist bought 1 items for €1.50"
  timestamp: "2021-08-26 17:12:02.313406"
  type: "purchase"
  Assets:Inventory:Bar                 -1 JUPILER
  Liabilities:Bar:Members:Bloemist      1 JUPILER
  Liabilities:Bar:Members:Bloemist   1.50 EUR    
  Income:Bar                        -1.50 EUR    

2021-08-26 txn "Bloemist bought 1 items for €0.60"
  timestamp: "2021-08-26 17:17:09.578599"
  type: "purchase"
  Assets:Inventory:Bar                 -1 TWIX
  Liabilities:Bar:Members:Bloemist      1 TWIX
  Liabilities:Bar:Members:Bloemist   0.60 EUR 
  Income:Bar                        -0.60 EUR 

2021-08-26 txn "Ljaytee bought 1 items for €2.50"
  timestamp: "2021-08-26 17:45:31.999142"
  type: "purchase"
  Assets:Inventory:Bar                -1 MYSTERY
  Liabilities:Bar:Members:Ljaytee      1 MYSTERY
  Liabilities:Bar:Members:Ljaytee   2.50 EUR    
  Income:Bar                       -2.50 EUR    

2021-08-26 txn "Ljaytee deposited €10.00"
  timestamp: "2021-08-26 17:46:18.798198"
  type: "deposit"
  Liabilities:Bar:Members:Ljaytee  -10.00 EUR
  Assets:Cash:Bar                   10.00 EUR

2021-08-26 txn "Merlijn bought 1 items for €2.50"
  timestamp: "2021-08-26 17:47:47.037816"
  type: "purchase"
  Assets:Inventory:Bar                -1 MYSTERY
  Liabilities:Bar:Members:Merlijn      1 MYSTERY
  Liabilities:Bar:Members:Merlijn   2.50 EUR    
  Income:Bar                       -2.50 EUR    

2021-08-26 txn "Sasja bought 1 items for €1.50"
  timestamp: "2021-08-26 18:12:21.593032"
  type: "purchase"
  Assets:Inventory:Bar              -1 JUPILER
  Liabilities:Bar:Members:Sasja      1 JUPILER
  Liabilities:Bar:Members:Sasja   1.50 EUR    
  Income:Bar                     -1.50 EUR    

2021-08-26 txn "Bloemist bought 1 items for €2.00"
  timestamp: "2021-08-26 18:23:15.951964"
  type: "purchase"
  Assets:Inventory:Bar                 -1 CM 
  Liabilities:Bar:Members:Bloemist      1 CM 
  Liabilities:Bar:Members:Bloemist   2.00 EUR
  Income:Bar                        -2.00 EUR

2021-08-26 txn "--CASH-- bought 1 items for €2.50"
  timestamp: "2021-08-26 18:32:37.599375"
  type: "purchase"
  Assets:Inventory:Bar     -1 MYSTERY
  Assets:Cash:Bar           1 MYSTERY
  Assets:Cash:Bar        2.50 EUR    
  Income:Bar            -2.50 EUR    

2021-08-26 txn "Evils bought 1 items for €2.50"
  timestamp: "2021-08-26 19:09:36.487555"
  type: "purchase"
  Assets:Inventory:Bar              -1 MYSTERY
  Liabilities:Bar:Members:Elvis      1 MYSTERY
  Liabilities:Bar:Members:Elvis   2.50 EUR    
  Income:Bar                     -2.50 EUR    

2021-08-26 txn "Ruben bought 1 items for €1.50"
  timestamp: "2021-08-26 19:12:40.946690"
  type: "purchase"
  Assets:Inventory:Bar              -1 JUPILER
  Liabilities:Bar:Members:Ruben      1 JUPILER
  Liabilities:Bar:Members:Ruben   1.50 EUR    
  Income:Bar                     -1.50 EUR    

2021-08-26 txn "Sasja bought 1 items for €1.50"
  timestamp: "2021-08-26 19:12:51.490420"
  type: "purchase"
  Assets:Inventory:Bar              -1 JUPILER
  Liabilities:Bar:Members:Sasja      1 JUPILER
  Liabilities:Bar:Members:Sasja   1.50 EUR    
  Income:Bar                     -1.50 EUR    

2021-08-26 txn "TQ bought 1 items for €2.50"
  timestamp: "2021-08-26 19:13:40.487756"
  type: "purchase"
  Assets:Inventory:Bar                -1 MYSTERY
  Liabilities:Bar:Members:Thequux      1 MYSTERY
  Liabilities:Bar:Members:Thequux   2.50 EUR    
  Income:Bar                       -2.50 EUR    

2021-08-26 txn "Sasja bought 1 items for €0.60"
  timestamp: "2021-08-26 19:13:56.757630"
  type: "purchase"
  Assets:Inventory:Bar              -1 BOUNTY
  Liabilities:Bar:Members:Sasja      1 BOUNTY
  Liabilities:Bar:Members:Sasja   0.60 EUR   
  Income:Bar                     -0.60 EUR   

2021-08-26 txn "Evils gave TQ a gift of €10.00"
  timestamp: "2021-08-26 19:14:42.500527"
  type: "transfer"
  Liabilities:Bar:Members:Elvis     10.00 EUR
  Liabilities:Bar:Members:Thequux  -10.00 EUR

2021-08-26 txn "Ruben bought 1 items for €2.00"
  timestamp: "2021-08-26 19:14:57.816352"
  type: "purchase"
  Assets:Inventory:Bar              -1 CM 
  Liabilities:Bar:Members:Ruben      1 CM 
  Liabilities:Bar:Members:Ruben   2.00 EUR
  Income:Bar                     -2.00 EUR

2021-08-26 txn "Bloemist bought 1 items for €1.50"
  timestamp: "2021-08-26 19:28:41.589649"
  type: "purchase"
  Assets:Inventory:Bar                 -1 KRIEK
  Liabilities:Bar:Members:Bloemist      1 KRIEK
  Liabilities:Bar:Members:Bloemist   1.50 EUR  
  Income:Bar                        -1.50 EUR  

2021-08-26 txn "Sasja bought 1 items for €0.60"
  timestamp: "2021-08-26 19:52:11.514574"
  type: "purchase"
  Assets:Inventory:Bar              -1 KITKAT
  Liabilities:Bar:Members:Sasja      1 KITKAT
  Liabilities:Bar:Members:Sasja   0.60 EUR   
  Income:Bar                     -0.60 EUR   

2021-08-26 txn "Sasja bought 1 items for €1.20"
  timestamp: "2021-08-26 20:03:14.955632"
  type: "purchase"
  Assets:Inventory:Bar              -1 CHIP
  Liabilities:Bar:Members:Sasja      1 CHIP
  Liabilities:Bar:Members:Sasja   1.20 EUR 
  Income:Bar                     -1.20 EUR 

2021-08-26 txn "Ruben bought 1 items for €1.50"
  timestamp: "2021-08-26 20:05:13.919956"
  type: "purchase"
  Assets:Inventory:Bar              -1 JUPILER
  Liabilities:Bar:Members:Ruben      1 JUPILER
  Liabilities:Bar:Members:Ruben   1.50 EUR    
  Income:Bar                     -1.50 EUR    

2021-08-26 txn "Sasja bought 1 items for €1.20"
  timestamp: "2021-08-26 20:11:47.995805"
  type: "purchase"
  Assets:Inventory:Bar              -1 CHIP
  Liabilities:Bar:Members:Sasja      1 CHIP
  Liabilities:Bar:Members:Sasja   1.20 EUR 
  Income:Bar                     -1.20 EUR 

2021-08-26 txn "Bloemist bought 1 items for €0.60"
  timestamp: "2021-08-26 20:18:57.481764"
  type: "purchase"
  Assets:Inventory:Bar                 -1 TWIX
  Liabilities:Bar:Members:Bloemist      1 TWIX
  Liabilities:Bar:Members:Bloemist   0.60 EUR 
  Income:Bar                        -0.60 EUR 

2021-08-26 txn "--CASH-- bought 1 items for €1.50"
  timestamp: "2021-08-26 20:23:05.368812"
  type: "purchase"
  Assets:Inventory:Bar     -1 JUPILER
  Assets:Cash:Bar           1 JUPILER
  Assets:Cash:Bar        1.50 EUR    
  Income:Bar            -1.50 EUR    

2021-08-26 txn "Sasja bought 1 items for €1.50"
  timestamp: "2021-08-26 20:23:08.649206"
  type: "purchase"
  Assets:Inventory:Bar              -1 JUPILER
  Liabilities:Bar:Members:Sasja      1 JUPILER
  Liabilities:Bar:Members:Sasja   1.50 EUR    
  Income:Bar                     -1.50 EUR    

2021-08-26 txn "Carro​armato0 bought 1 items for €1.50"
  timestamp: "2021-08-26 20:24:10.890235"
  type: "purchase"
  Assets:Inventory:Bar                     -1 FANTA
  Liabilities:Bar:Members:Carroarmato0      1 FANTA
  Liabilities:Bar:Members:Carroarmato0   1.50 EUR  
  Income:Bar                            -1.50 EUR  

2021-08-26 txn "Bloemist bought 1 items for €1.50"
  timestamp: "2021-08-26 20:36:31.880592"
  type: "purchase"
  Assets:Inventory:Bar                 -1 ICETEA
  Liabilities:Bar:Members:Bloemist      1 ICETEA
  Liabilities:Bar:Members:Bloemist   1.50 EUR   
  Income:Bar                        -1.50 EUR   

2021-08-26 txn "Sasja bought 1 items for €1.20"
  timestamp: "2021-08-26 20:59:59.095739"
  type: "purchase"
  Assets:Inventory:Bar              -1 CHIP
  Liabilities:Bar:Members:Sasja      1 CHIP
  Liabilities:Bar:Members:Sasja   1.20 EUR 
  Income:Bar                     -1.20 EUR 

2021-08-26 txn "Bloemist bought 1 items for €1.50"
  timestamp: "2021-08-26 21:08:03.297822"
  type: "purchase"
  Assets:Inventory:Bar                 -1 JUPILER
  Liabilities:Bar:Members:Bloemist      1 JUPILER
  Liabilities:Bar:Members:Bloemist   1.50 EUR    
  Income:Bar                        -1.50 EUR    

2021-08-26 txn "Ruben bought 1 items for €1.20"
  timestamp: "2021-08-26 21:15:09.981156"
  type: "purchase"
  Assets:Inventory:Bar              -1 CHIP
  Liabilities:Bar:Members:Ruben      1 CHIP
  Liabilities:Bar:Members:Ruben   1.20 EUR 
  Income:Bar                     -1.20 EUR 

2021-08-26 txn "Ljaytee bought 1 items for €2.50"
  timestamp: "2021-08-26 21:48:06.649166"
  type: "purchase"
  Assets:Inventory:Bar                -1 MYSTERY
  Liabilities:Bar:Members:Ljaytee      1 MYSTERY
  Liabilities:Bar:Members:Ljaytee   2.50 EUR    
  Income:Bar                       -2.50 EUR    

2021-08-26 txn "Bloemist bought 4 items for €4.20"
  timestamp: "2021-08-26 22:05:55.098289"
  type: "purchase"
  Assets:Inventory:Bar                 -2 JUPILER
  Liabilities:Bar:Members:Bloemist      2 JUPILER
  Assets:Inventory:Bar                 -2 SNACK  
  Liabilities:Bar:Members:Bloemist      2 SNACK  
  Liabilities:Bar:Members:Bloemist   4.20 EUR    
  Income:Bar                        -4.20 EUR    

2021-08-27 txn "Yvan bought 1 items for €1.50"
  timestamp: "2021-08-27 07:35:09.846821"
  type: "purchase"
  Assets:Inventory:Bar             -1 ICETEA
  Liabilities:Bar:Members:Yvan      1 ICETEA
  Liabilities:Bar:Members:Yvan   1.50 EUR   
  Income:Bar                    -1.50 EUR   

2021-08-27 txn "TQ bought 2 items for €1.20"
  timestamp: "2021-08-27 15:47:35.990556"
  type: "purchase"
  Assets:Inventory:Bar                -2 MARS
  Liabilities:Bar:Members:Thequux      2 MARS
  Liabilities:Bar:Members:Thequux   1.20 EUR 
  Income:Bar                       -1.20 EUR 

2021-08-27 txn "Yvan bought 1 items for €1.50"
  timestamp: "2021-08-27 16:00:40.139044"
  type: "purchase"
  Assets:Inventory:Bar             -1 ICETEA
  Liabilities:Bar:Members:Yvan      1 ICETEA
  Liabilities:Bar:Members:Yvan   1.50 EUR   
  Income:Bar                    -1.50 EUR   

2021-08-27 txn "TQ bought 1 items for €1.50"
  timestamp: "2021-08-27 16:02:04.795829"
  type: "purchase"
  Assets:Inventory:Bar                -1 COKE
  Liabilities:Bar:Members:Thequux      1 COKE
  Liabilities:Bar:Members:Thequux   1.50 EUR 
  Income:Bar                       -1.50 EUR 

2021-08-27 txn "Sasja gave Evils a gift of €3.60"
  timestamp: "2021-08-27 16:13:05.407573"
  type: "transfer"
  Liabilities:Bar:Members:Sasja   3.60 EUR
  Liabilities:Bar:Members:Elvis  -3.60 EUR

2021-08-27 txn "Carro​armato0 gave Evils a gift of €3.60"
  timestamp: "2021-08-27 16:13:19.379768"
  type: "transfer"
  Liabilities:Bar:Members:Carroarmato0   3.60 EUR
  Liabilities:Bar:Members:Elvis         -3.60 EUR

2021-08-27 txn "Yvan gave Evils a gift of €3.60"
  timestamp: "2021-08-27 16:13:36.781023"
  type: "transfer"
  Liabilities:Bar:Members:Yvan    3.60 EUR
  Liabilities:Bar:Members:Elvis  -3.60 EUR

2021-08-27 txn "Sander gave Evils a gift of €3.60"
  timestamp: "2021-08-27 16:13:56.317338"
  type: "transfer"
  Liabilities:Bar:Members:Sander   3.60 EUR
  Liabilities:Bar:Members:Elvis   -3.60 EUR

2021-08-27 txn "Stefaan gave Evils a gift of €3.60"
  timestamp: "2021-08-27 16:14:07.146588"
  type: "transfer"
  Liabilities:Bar:Members:Stefaan   3.60 EUR
  Liabilities:Bar:Members:Elvis    -3.60 EUR

2021-08-27 txn "Sander bought 1 items for €1.50"
  timestamp: "2021-08-27 17:41:09.679533"
  type: "purchase"
  Assets:Inventory:Bar               -1 SCHWEPPES
  Liabilities:Bar:Members:Sander      1 SCHWEPPES
  Liabilities:Bar:Members:Sander   1.50 EUR      
  Income:Bar                      -1.50 EUR      

2021-08-27 txn "Evils bought 1 items for €2.00"
  timestamp: "2021-08-27 17:52:33.984371"
  type: "purchase"
  Assets:Inventory:Bar              -1 FRITZ
  Liabilities:Bar:Members:Elvis      1 FRITZ
  Liabilities:Bar:Members:Elvis   2.00 EUR  
  Income:Bar                     -2.00 EUR  

2021-08-27 txn "Yvan bought 1 items for €1.50"
  timestamp: "2021-08-27 17:58:19.083791"
  type: "purchase"
  Assets:Inventory:Bar             -1 ICETEA
  Liabilities:Bar:Members:Yvan      1 ICETEA
  Liabilities:Bar:Members:Yvan   1.50 EUR   
  Income:Bar                    -1.50 EUR   

2021-08-27 txn "Evils bought 1 items for €0.60"
  timestamp: "2021-08-27 18:33:23.728995"
  type: "purchase"
  Assets:Inventory:Bar              -1 MARS
  Liabilities:Bar:Members:Elvis      1 MARS
  Liabilities:Bar:Members:Elvis   0.60 EUR 
  Income:Bar                     -0.60 EUR 

2021-08-27 txn "Yvan bought 2 items for €2.10"
  timestamp: "2021-08-27 18:47:51.303804"
  type: "purchase"
  Assets:Inventory:Bar             -1 ICETEA
  Liabilities:Bar:Members:Yvan      1 ICETEA
  Assets:Inventory:Bar             -1 BOUNTY
  Liabilities:Bar:Members:Yvan      1 BOUNTY
  Liabilities:Bar:Members:Yvan   2.10 EUR   
  Income:Bar                    -2.10 EUR   

2021-08-27 txn "Evils gave TQ a gift of €0.01"
  timestamp: "2021-08-27 19:01:32.569984"
  type: "transfer"
  Liabilities:Bar:Members:Elvis     0.01 EUR
  Liabilities:Bar:Members:Thequux  -0.01 EUR

2021-08-28 txn "Carro​armato0 bought 1 items for €2.00"
  timestamp: "2021-08-28 14:13:18.793407"
  type: "purchase"
  Assets:Inventory:Bar                     -1 FRITZ
  Liabilities:Bar:Members:Carroarmato0      1 FRITZ
  Liabilities:Bar:Members:Carroarmato0   2.00 EUR  
  Income:Bar                            -2.00 EUR  

2021-08-28 txn "Evils bought 1 items for €0.70"
  timestamp: "2021-08-28 15:16:29.706165"
  type: "purchase"
  Assets:Inventory:Bar              -1 PICKUP
  Liabilities:Bar:Members:Elvis      1 PICKUP
  Liabilities:Bar:Members:Elvis   0.70 EUR   
  Income:Bar                     -0.70 EUR   

2021-08-28 txn "Evils bought 1 items for €2.00"
  timestamp: "2021-08-28 15:56:59.487837"
  type: "purchase"
  Assets:Inventory:Bar              -1 FRITZ
  Liabilities:Bar:Members:Elvis      1 FRITZ
  Liabilities:Bar:Members:Elvis   2.00 EUR  
  Income:Bar                     -2.00 EUR  

2021-08-28 txn "Evils bought 1 items for €1.20"
  timestamp: "2021-08-28 18:25:01.830590"
  type: "purchase"
  Assets:Inventory:Bar              -1 CHIP
  Liabilities:Bar:Members:Elvis      1 CHIP
  Liabilities:Bar:Members:Elvis   1.20 EUR 
  Income:Bar                     -1.20 EUR 

2021-08-28 txn "Evils bought 1 items for €0.60"
  timestamp: "2021-08-28 19:47:29.394886"
  type: "purchase"
  Assets:Inventory:Bar              -1 SNICKERS
  Liabilities:Bar:Members:Elvis      1 SNICKERS
  Liabilities:Bar:Members:Elvis   0.60 EUR     
  Income:Bar                     -0.60 EUR     

2021-08-28 txn "Sander bought 1 items for €2.00"
  timestamp: "2021-08-28 22:47:42.503353"
  type: "purchase"
  Assets:Inventory:Bar               -1 FRITZ
  Liabilities:Bar:Members:Sander      1 FRITZ
  Liabilities:Bar:Members:Sander   2.00 EUR  
  Income:Bar                      -2.00 EUR  

2021-08-28 txn "Sander bought 1 items for €0.60"
  timestamp: "2021-08-28 23:06:42.596241"
  type: "purchase"
  Assets:Inventory:Bar               -1 BOUNTY
  Liabilities:Bar:Members:Sander      1 BOUNTY
  Liabilities:Bar:Members:Sander   0.60 EUR   
  Income:Bar                      -0.60 EUR   

2021-08-29 txn "Sander bought 1 items for €0.60"
  timestamp: "2021-08-29 13:54:18.781397"
  type: "purchase"
  Assets:Inventory:Bar               -1 BOUNTY
  Liabilities:Bar:Members:Sander      1 BOUNTY
  Liabilities:Bar:Members:Sander   0.60 EUR   
  Income:Bar                      -0.60 EUR   

2021-08-29 txn "Carro​armato0 bought 2 items for €3.10"
  timestamp: "2021-08-29 15:28:39.370697"
  type: "purchase"
  Assets:Inventory:Bar                     -1 MYSTERY
  Liabilities:Bar:Members:Carroarmato0      1 MYSTERY
  Assets:Inventory:Bar                     -1 SNACK  
  Liabilities:Bar:Members:Carroarmato0      1 SNACK  
  Liabilities:Bar:Members:Carroarmato0   3.10 EUR    
  Income:Bar                            -3.10 EUR    

2021-08-29 txn "Evils bought 1 items for €0.60"
  timestamp: "2021-08-29 15:29:27.006681"
  type: "purchase"
  Assets:Inventory:Bar              -1 SNACK
  Liabilities:Bar:Members:Elvis      1 SNACK
  Liabilities:Bar:Members:Elvis   0.60 EUR  
  Income:Bar                     -0.60 EUR  

2021-08-29 txn "Evils deposited €-0.60"
  timestamp: "2021-08-29 16:10:40.490456"
  type: "deposit"
  Liabilities:Bar:Members:Elvis   0.60 EUR
  Assets:Cash:Bar                -0.60 EUR

2021-08-29 txn "Evils bought 1 items for €1.00"
  timestamp: "2021-08-29 16:10:47.768615"
  type: "purchase"
  Assets:Inventory:Bar                -1 ROM
  Liabilities:Bar:Members:Elvis        1 ROM
  Liabilities:Bar:Members:Elvis     1.00 EUR
  Liabilities:Bar:Members:Thequux  -0.50 EUR
  Income:Bar                       -0.50 EUR

2021-08-29 txn "Carro​armato0 deposited €0.60"
  timestamp: "2021-08-29 16:11:06.908205"
  type: "deposit"
  Liabilities:Bar:Members:Carroarmato0  -0.60 EUR
  Assets:Cash:Bar                        0.60 EUR

2021-08-29 txn "Carro​armato0 bought 1 items for €1.00"
  timestamp: "2021-08-29 16:11:16.076240"
  type: "purchase"
  Assets:Inventory:Bar                     -1 ROM
  Liabilities:Bar:Members:Carroarmato0      1 ROM
  Liabilities:Bar:Members:Carroarmato0   1.00 EUR
  Liabilities:Bar:Members:Thequux       -0.50 EUR
  Income:Bar                            -0.50 EUR

2021-08-29 txn "Evils bought 1 items for €2.00"
  timestamp: "2021-08-29 18:12:41.217060"
  type: "purchase"
  Assets:Inventory:Bar              -1 FRITZ
  Liabilities:Bar:Members:Elvis      1 FRITZ
  Liabilities:Bar:Members:Elvis   2.00 EUR  
  Income:Bar                     -2.00 EUR  

2021-08-29 txn "Sander deposited €30.00"
  timestamp: "2021-08-29 18:30:16.616905"
  type: "deposit"
  Liabilities:Bar:Members:Sander  -30.00 EUR
  Assets:Cash:Bar                  30.00 EUR

2021-08-29 txn "Carro​armato0 bought 4 items for €2.60"
  timestamp: "2021-08-29 18:43:36.989225"
  type: "purchase"
  Assets:Inventory:Bar                     -1 TWIX  
  Liabilities:Bar:Members:Carroarmato0      1 TWIX  
  Assets:Inventory:Bar                     -1 BOUNTY
  Liabilities:Bar:Members:Carroarmato0      1 BOUNTY
  Assets:Inventory:Bar                     -2 PICKUP
  Liabilities:Bar:Members:Carroarmato0      2 PICKUP
  Liabilities:Bar:Members:Carroarmato0   2.60 EUR   
  Income:Bar                            -2.60 EUR   

2021-08-29 txn "Evils bought 1 items for €0.60"
  timestamp: "2021-08-29 18:54:09.396289"
  type: "purchase"
  Assets:Inventory:Bar              -1 MARS
  Liabilities:Bar:Members:Elvis      1 MARS
  Liabilities:Bar:Members:Elvis   0.60 EUR 
  Income:Bar                     -0.60 EUR 

2021-08-29 txn "Evils bought 2 items for €1.20"
  timestamp: "2021-08-29 21:10:36.095828"
  type: "purchase"
  Assets:Inventory:Bar              -2 KITKAT
  Liabilities:Bar:Members:Elvis      2 KITKAT
  Liabilities:Bar:Members:Elvis   1.20 EUR   
  Income:Bar                     -1.20 EUR   

2021-08-29 txn "Sander bought 1 items for €1.50"
  timestamp: "2021-08-29 22:02:06.162102"
  type: "purchase"
  Assets:Inventory:Bar               -1 COKE
  Liabilities:Bar:Members:Sander      1 COKE
  Liabilities:Bar:Members:Sander   1.50 EUR 
  Income:Bar                      -1.50 EUR 

2021-08-29 txn "Evils gave TQ a gift of €0.47"
  timestamp: "2021-08-29 22:35:23.555929"
  type: "transfer"
  Liabilities:Bar:Members:Elvis     0.47 EUR
  Liabilities:Bar:Members:Thequux  -0.47 EUR

2021-08-30 txn "Yvan bought 2 items for €2.10"
  timestamp: "2021-08-30 09:10:43.247878"
  type: "purchase"
  Assets:Inventory:Bar             -1 ICETEA
  Liabilities:Bar:Members:Yvan      1 ICETEA
  Assets:Inventory:Bar             -1 KITKAT
  Liabilities:Bar:Members:Yvan      1 KITKAT
  Liabilities:Bar:Members:Yvan   2.10 EUR   
  Income:Bar                    -2.10 EUR   

2021-08-30 txn "Sander bought 1 items for €1.50"
  timestamp: "2021-08-30 11:46:21.754135"
  type: "purchase"
  Assets:Inventory:Bar               -1 COKE
  Liabilities:Bar:Members:Sander      1 COKE
  Liabilities:Bar:Members:Sander   1.50 EUR 
  Income:Bar                      -1.50 EUR 

2021-08-30 txn "Yvan bought 1 items for €1.50"
  timestamp: "2021-08-30 11:57:19.486481"
  type: "purchase"
  Assets:Inventory:Bar             -1 ICETEA
  Liabilities:Bar:Members:Yvan      1 ICETEA
  Liabilities:Bar:Members:Yvan   1.50 EUR   
  Income:Bar                    -1.50 EUR   

2021-08-30 txn "qwaxys bought 1 items for €1.50"
  timestamp: "2021-08-30 12:10:31.623976"
  type: "purchase"
  Assets:Inventory:Bar             -1 AGRUMES
  Liabilities:Bar:Members:Bart      1 AGRUMES
  Liabilities:Bar:Members:Bart   1.50 EUR    
  Income:Bar                    -1.50 EUR    

2021-08-30 txn "qwaxys deposited €5.00"
  timestamp: "2021-08-30 12:10:48.144559"
  type: "deposit"
  Liabilities:Bar:Members:Bart  -5.00 EUR
  Assets:Cash:Bar                5.00 EUR

2021-08-30 txn "qwaxys bought 1 items for €2.00"
  timestamp: "2021-08-30 13:24:22.784227"
  type: "purchase"
  Assets:Inventory:Bar             -1 CIDER
  Liabilities:Bar:Members:Bart      1 CIDER
  Liabilities:Bar:Members:Bart   2.00 EUR  
  Income:Bar                    -2.00 EUR  

2021-08-30 txn "TQ bought 1 items for €1.00"
  timestamp: "2021-08-30 13:24:35.494751"
  type: "purchase"
  Assets:Inventory:Bar                -1 ROM
  Liabilities:Bar:Members:Thequux      1 ROM
  Liabilities:Bar:Members:Thequux   1.00 EUR
  Liabilities:Bar:Members:Thequux  -0.50 EUR
  Income:Bar                       -0.50 EUR

2021-08-30 txn "Yvan bought 1 items for €2.00"
  timestamp: "2021-08-30 13:34:17.495515"
  type: "purchase"
  Assets:Inventory:Bar             -1 FRITZ
  Liabilities:Bar:Members:Yvan      1 FRITZ
  Liabilities:Bar:Members:Yvan   2.00 EUR  
  Income:Bar                    -2.00 EUR  

2021-08-30 txn "qwaxys deposited €25.00"
  timestamp: "2021-08-30 13:43:33.598515"
  type: "deposit"
  Liabilities:Bar:Members:Bart  -25.00 EUR
  Assets:Cash:Bar                25.00 EUR

2021-08-30 txn "Evils bought 1 items for €2.00"
  timestamp: "2021-08-30 15:02:06.321591"
  type: "purchase"
  Assets:Inventory:Bar              -1 FRITZ
  Liabilities:Bar:Members:Elvis      1 FRITZ
  Liabilities:Bar:Members:Elvis   2.00 EUR  
  Income:Bar                     -2.00 EUR  

2021-08-30 txn "TQ bought 1 items for €1.20"
  timestamp: "2021-08-30 16:07:47.884577"
  type: "purchase"
  Assets:Inventory:Bar                -1 FOOD_CUP
  Liabilities:Bar:Members:Thequux      1 FOOD_CUP
  Liabilities:Bar:Members:Thequux   1.20 EUR     
  Income:Bar                       -1.20 EUR     

2021-08-30 txn "Sander bought 1 items for €0.60"
  timestamp: "2021-08-30 16:11:19.509287"
  type: "purchase"
  Assets:Inventory:Bar               -1 BOUNTY
  Liabilities:Bar:Members:Sander      1 BOUNTY
  Liabilities:Bar:Members:Sander   0.60 EUR   
  Income:Bar                      -0.60 EUR   

2021-08-30 txn "Evils bought 1 items for €0.60"
  timestamp: "2021-08-30 19:15:46.192400"
  type: "purchase"
  Assets:Inventory:Bar              -1 KITKAT
  Liabilities:Bar:Members:Elvis      1 KITKAT
  Liabilities:Bar:Members:Elvis   0.60 EUR   
  Income:Bar                     -0.60 EUR   

2021-08-30 txn "Evils bought 1 items for €1.50"
  timestamp: "2021-08-30 20:20:52.741800"
  type: "purchase"
  Assets:Inventory:Bar              -1 AGRUMES
  Liabilities:Bar:Members:Elvis      1 AGRUMES
  Liabilities:Bar:Members:Elvis   1.50 EUR    
  Income:Bar                     -1.50 EUR    

2021-08-30 txn "Evils bought 1 items for €1.00"
  timestamp: "2021-08-30 21:07:30.983680"
  type: "purchase"
  Assets:Inventory:Bar                -1 ROM
  Liabilities:Bar:Members:Elvis        1 ROM
  Liabilities:Bar:Members:Elvis     1.00 EUR
  Liabilities:Bar:Members:Thequux  -0.50 EUR
  Income:Bar                       -0.50 EUR

2021-08-31 txn "Yvan bought 1 items for €2.00"
  timestamp: "2021-08-31 07:46:28.535517"
  type: "purchase"
  Assets:Inventory:Bar             -1 FRITZ
  Liabilities:Bar:Members:Yvan      1 FRITZ
  Liabilities:Bar:Members:Yvan   2.00 EUR  
  Income:Bar                    -2.00 EUR  

2021-08-31 txn "Yvan bought 1 items for €0.60"
  timestamp: "2021-08-31 09:57:43.487505"
  type: "purchase"
  Assets:Inventory:Bar             -1 KITKAT
  Liabilities:Bar:Members:Yvan      1 KITKAT
  Liabilities:Bar:Members:Yvan   0.60 EUR   
  Income:Bar                    -0.60 EUR   

2021-08-31 txn "Yvan bought 1 items for €0.60"
  timestamp: "2021-08-31 09:57:49.795753"
  type: "purchase"
  Assets:Inventory:Bar             -1 KITKAT
  Liabilities:Bar:Members:Yvan      1 KITKAT
  Liabilities:Bar:Members:Yvan   0.60 EUR   
  Income:Bar                    -0.60 EUR   

2021-08-31 txn "TQ bought 1 items for €2.00"
  timestamp: "2021-08-31 11:33:01.484418"
  type: "purchase"
  Assets:Inventory:Bar                -1 FRITZ
  Liabilities:Bar:Members:Thequux      1 FRITZ
  Liabilities:Bar:Members:Thequux   2.00 EUR  
  Income:Bar                       -2.00 EUR  

2021-08-31 txn "Yvan bought 1 items for €1.50"
  timestamp: "2021-08-31 11:40:20.469523"
  type: "purchase"
  Assets:Inventory:Bar             -1 ICETEA
  Liabilities:Bar:Members:Yvan      1 ICETEA
  Liabilities:Bar:Members:Yvan   1.50 EUR   
  Income:Bar                    -1.50 EUR   

2021-08-31 txn "TQ bought 1 items for €2.00"
  timestamp: "2021-08-31 14:15:28.014211"
  type: "purchase"
  Assets:Inventory:Bar                -1 CM 
  Liabilities:Bar:Members:Thequux      1 CM 
  Liabilities:Bar:Members:Thequux   2.00 EUR
  Income:Bar                       -2.00 EUR

2021-08-31 txn "Evils bought 1 items for €2.00"
  timestamp: "2021-08-31 15:35:18.925041"
  type: "purchase"
  Assets:Inventory:Bar              -1 FRITZ
  Liabilities:Bar:Members:Elvis      1 FRITZ
  Liabilities:Bar:Members:Elvis   2.00 EUR  
  Income:Bar                     -2.00 EUR  

2021-08-31 txn "Evils bought 1 items for €0.60"
  timestamp: "2021-08-31 18:48:23.128277"
  type: "purchase"
  Assets:Inventory:Bar              -1 SNICKERS
  Liabilities:Bar:Members:Elvis      1 SNICKERS
  Liabilities:Bar:Members:Elvis   0.60 EUR     
  Income:Bar                     -0.60 EUR     

2021-09-01 txn "Yvan bought 1 items for €1.50"
  timestamp: "2021-09-01 06:32:24.318649"
  type: "purchase"
  Assets:Inventory:Bar             -1 ICETEA
  Liabilities:Bar:Members:Yvan      1 ICETEA
  Liabilities:Bar:Members:Yvan   1.50 EUR   
  Income:Bar                    -1.50 EUR   

2021-09-01 txn "Yvan bought 1 items for €0.60"
  timestamp: "2021-09-01 07:55:57.651812"
  type: "purchase"
  Assets:Inventory:Bar             -1 KITKAT
  Liabilities:Bar:Members:Yvan      1 KITKAT
  Liabilities:Bar:Members:Yvan   0.60 EUR   
  Income:Bar                    -0.60 EUR   

2021-09-01 txn "Yvan deposited €990.35"
  timestamp: "2021-09-01 07:56:09.466619"
  type: "deposit"
  Liabilities:Bar:Members:Yvan  -990.35 EUR
  Assets:Cash:Bar                990.35 EUR

2021-09-01 txn "Yvan bought 2 items for €2.20"
  timestamp: "2021-09-01 10:26:44.497434"
  type: "purchase"
  Assets:Inventory:Bar             -1 COKE  
  Liabilities:Bar:Members:Yvan      1 COKE  
  Assets:Inventory:Bar             -1 PICKUP
  Liabilities:Bar:Members:Yvan      1 PICKUP
  Liabilities:Bar:Members:Yvan   2.20 EUR   
  Income:Bar                    -2.20 EUR   

2021-09-01 txn "Yvan gave qwaxys a gift of €3.45"
  timestamp: "2021-09-01 11:08:01.955088"
  type: "transfer"
  Liabilities:Bar:Members:Yvan   3.45 EUR
  Liabilities:Bar:Members:Bart  -3.45 EUR

2021-09-01 txn "TQ bought 1 items for €2.00"
  timestamp: "2021-09-01 11:08:17.548743"
  type: "purchase"
  Assets:Inventory:Bar                -1 FLORA
  Liabilities:Bar:Members:Thequux      1 FLORA
  Liabilities:Bar:Members:Thequux   2.00 EUR  
  Income:Bar                       -2.00 EUR  

2021-09-01 txn "qwaxys bought 1 items for €1.50"
  timestamp: "2021-09-01 11:08:33.318632"
  type: "purchase"
  Assets:Inventory:Bar             -1 AGRUMES
  Liabilities:Bar:Members:Bart      1 AGRUMES
  Liabilities:Bar:Members:Bart   1.50 EUR    
  Income:Bar                    -1.50 EUR    

2021-09-01 txn "Yvan bought 1 items for €2.00"
  timestamp: "2021-09-01 12:06:23.497562"
  type: "purchase"
  Assets:Inventory:Bar             -1 FRITZ
  Liabilities:Bar:Members:Yvan      1 FRITZ
  Liabilities:Bar:Members:Yvan   2.00 EUR  
  Income:Bar                    -2.00 EUR  

2021-09-01 txn "TQ bought 1 items for €2.00"
  timestamp: "2021-09-01 14:54:44.496877"
  type: "purchase"
  Assets:Inventory:Bar                -1 FRITZ
  Liabilities:Bar:Members:Thequux      1 FRITZ
  Liabilities:Bar:Members:Thequux   2.00 EUR  
  Income:Bar                       -2.00 EUR  

2021-09-01 txn "Ljaytee bought 1 items for €2.00"
  timestamp: "2021-09-01 14:54:49.735813"
  type: "purchase"
  Assets:Inventory:Bar                -1 FRITZ
  Liabilities:Bar:Members:Ljaytee      1 FRITZ
  Liabilities:Bar:Members:Ljaytee   2.00 EUR  
  Income:Bar                       -2.00 EUR  

2021-09-01 txn "Yvan bought 1 items for €1.20"
  timestamp: "2021-09-01 14:54:55.931847"
  type: "purchase"
  Assets:Inventory:Bar             -1 CHIP
  Liabilities:Bar:Members:Yvan      1 CHIP
  Liabilities:Bar:Members:Yvan   1.20 EUR 
  Income:Bar                    -1.20 EUR 

2021-09-01 txn "Carro​armato0 bought 1 items for €0.60"
  timestamp: "2021-09-01 15:44:39.978586"
  type: "purchase"
  Assets:Inventory:Bar                     -1 TWIX
  Liabilities:Bar:Members:Carroarmato0      1 TWIX
  Liabilities:Bar:Members:Carroarmato0   0.60 EUR 
  Income:Bar                            -0.60 EUR 

2021-09-01 txn "Carro​armato0 bought 1 items for €1.20"
  timestamp: "2021-09-01 15:49:02.811239"
  type: "purchase"
  Assets:Inventory:Bar                     -1 CHIP
  Liabilities:Bar:Members:Carroarmato0      1 CHIP
  Liabilities:Bar:Members:Carroarmato0   1.20 EUR 
  Income:Bar                            -1.20 EUR 

2021-09-01 txn "Yvan bought 3 items for €2.60"
  timestamp: "2021-09-01 16:05:20.253206"
  type: "purchase"
  Assets:Inventory:Bar                -1 MARS
  Liabilities:Bar:Members:Yvan         1 MARS
  Assets:Inventory:Bar                -2 ROM 
  Liabilities:Bar:Members:Yvan         2 ROM 
  Liabilities:Bar:Members:Yvan      2.60 EUR 
  Liabilities:Bar:Members:Thequux  -1.00 EUR 
  Income:Bar                       -1.60 EUR 

2021-09-01 txn "Yvan bought 1 items for €1.50"
  timestamp: "2021-09-01 17:43:13.658787"
  type: "purchase"
  Assets:Inventory:Bar             -1 COKE
  Liabilities:Bar:Members:Yvan      1 COKE
  Liabilities:Bar:Members:Yvan   1.50 EUR 
  Income:Bar                    -1.50 EUR 

2021-09-01 txn "Carro​armato0 bought 1 items for €0.70"
  timestamp: "2021-09-01 17:59:19.818871"
  type: "purchase"
  Assets:Inventory:Bar                     -1 PICKUP
  Liabilities:Bar:Members:Carroarmato0      1 PICKUP
  Liabilities:Bar:Members:Carroarmato0   0.70 EUR   
  Income:Bar                            -0.70 EUR   

2021-09-01 txn "Carro​armato0 bought 2 items for €2.10"
  timestamp: "2021-09-01 18:09:42.688525"
  type: "purchase"
  Assets:Inventory:Bar                     -1 FANTA 
  Liabilities:Bar:Members:Carroarmato0      1 FANTA 
  Assets:Inventory:Bar                     -1 BOUNTY
  Liabilities:Bar:Members:Carroarmato0      1 BOUNTY
  Liabilities:Bar:Members:Carroarmato0   2.10 EUR   
  Income:Bar                            -2.10 EUR   

2021-09-01 txn "qwaxys bought 1 items for €1.50"
  timestamp: "2021-09-01 18:10:48.880732"
  type: "purchase"
  Assets:Inventory:Bar             -1 FANTA
  Liabilities:Bar:Members:Bart      1 FANTA
  Liabilities:Bar:Members:Bart   1.50 EUR  
  Income:Bar                    -1.50 EUR  

2021-09-01 txn "Yvan bought 1 items for €2.00"
  timestamp: "2021-09-01 18:11:13.769716"
  type: "purchase"
  Assets:Inventory:Bar             -1 CIDER
  Liabilities:Bar:Members:Yvan      1 CIDER
  Liabilities:Bar:Members:Yvan   2.00 EUR  
  Income:Bar                    -2.00 EUR  

2021-09-01 txn "Merlijn bought 2 items for €2.10"
  timestamp: "2021-09-01 18:29:03.256959"
  type: "purchase"
  Assets:Inventory:Bar                -1 ICETEA_ZERO
  Liabilities:Bar:Members:Merlijn      1 ICETEA_ZERO
  Assets:Inventory:Bar                -1 TWIX       
  Liabilities:Bar:Members:Merlijn      1 TWIX       
  Liabilities:Bar:Members:Merlijn   2.10 EUR        
  Income:Bar                       -2.10 EUR        

2021-09-01 txn "Merlijn bought 1 items for €1.20"
  timestamp: "2021-09-01 18:36:17.231842"
  type: "purchase"
  Assets:Inventory:Bar                -1 CHIP
  Liabilities:Bar:Members:Merlijn      1 CHIP
  Liabilities:Bar:Members:Merlijn   1.20 EUR 
  Income:Bar                       -1.20 EUR 

2021-09-01 txn "Yvan bought 1 items for €2.00"
  timestamp: "2021-09-01 19:04:35.494101"
  type: "purchase"
  Assets:Inventory:Bar             -1 FRITZ
  Liabilities:Bar:Members:Yvan      1 FRITZ
  Liabilities:Bar:Members:Yvan   2.00 EUR  
  Income:Bar                    -2.00 EUR  

2021-09-01 txn "Sander bought 1 items for €1.50"
  timestamp: "2021-09-01 19:13:23.616097"
  type: "purchase"
  Assets:Inventory:Bar               -1 COKE
  Liabilities:Bar:Members:Sander      1 COKE
  Liabilities:Bar:Members:Sander   1.50 EUR 
  Income:Bar                      -1.50 EUR 

2021-09-01 txn "Sander bought 1 items for €0.60"
  timestamp: "2021-09-01 19:14:05.071581"
  type: "purchase"
  Assets:Inventory:Bar               -1 BOUNTY
  Liabilities:Bar:Members:Sander      1 BOUNTY
  Liabilities:Bar:Members:Sander   0.60 EUR   
  Income:Bar                      -0.60 EUR   

2021-09-01 txn "Sander bought 2 items for €2.10"
  timestamp: "2021-09-01 20:04:36.732853"
  type: "purchase"
  Assets:Inventory:Bar               -1 KITKAT   
  Liabilities:Bar:Members:Sander      1 KITKAT   
  Assets:Inventory:Bar               -1 SCHWEPPES
  Liabilities:Bar:Members:Sander      1 SCHWEPPES
  Liabilities:Bar:Members:Sander   2.10 EUR      
  Income:Bar                      -2.10 EUR      

2021-09-01 txn "Bloemist bought 1 items for €1.50"
  timestamp: "2021-09-01 20:32:32.473799"
  type: "purchase"
  Assets:Inventory:Bar                 -1 JUPILER
  Liabilities:Bar:Members:Bloemist      1 JUPILER
  Liabilities:Bar:Members:Bloemist   1.50 EUR    
  Income:Bar                        -1.50 EUR    

2021-09-01 txn "Bloemist bought 1 items for €0.60"
  timestamp: "2021-09-01 20:35:07.761219"
  type: "purchase"
  Assets:Inventory:Bar                 -1 TWIX
  Liabilities:Bar:Members:Bloemist      1 TWIX
  Liabilities:Bar:Members:Bloemist   0.60 EUR 
  Income:Bar                        -0.60 EUR 

2021-09-01 txn "Bloemist bought 2 items for €2.10"
  timestamp: "2021-09-01 21:17:21.036197"
  type: "purchase"
  Assets:Inventory:Bar                 -1 JUPILER
  Liabilities:Bar:Members:Bloemist      1 JUPILER
  Assets:Inventory:Bar                 -1 TWIX   
  Liabilities:Bar:Members:Bloemist      1 TWIX   
  Liabilities:Bar:Members:Bloemist   2.10 EUR    
  Income:Bar                        -2.10 EUR    

2021-09-01 txn "Merlijn bought 1 items for €2.00"
  timestamp: "2021-09-01 21:42:56.603980"
  type: "purchase"
  Assets:Inventory:Bar                -1 FRITZ
  Liabilities:Bar:Members:Merlijn      1 FRITZ
  Liabilities:Bar:Members:Merlijn   2.00 EUR  
  Income:Bar                       -2.00 EUR  

2021-09-01 txn "Evils bought 1 items for €1.50"
  timestamp: "2021-09-01 21:58:32.421086"
  type: "purchase"
  Assets:Inventory:Bar              -1 FANTA
  Liabilities:Bar:Members:Elvis      1 FANTA
  Liabilities:Bar:Members:Elvis   1.50 EUR  
  Income:Bar                     -1.50 EUR  

2021-09-01 txn "Bloemist bought 1 items for €0.60"
  timestamp: "2021-09-01 21:58:35.806665"
  type: "purchase"
  Assets:Inventory:Bar                 -1 TWIX
  Liabilities:Bar:Members:Bloemist      1 TWIX
  Liabilities:Bar:Members:Bloemist   0.60 EUR 
  Income:Bar                        -0.60 EUR 

2021-09-01 txn "Bloemist bought 5 items for €4.40"
  timestamp: "2021-09-01 23:42:16.599951"
  type: "purchase"
  Assets:Inventory:Bar                 -1 CM   
  Liabilities:Bar:Members:Bloemist      1 CM   
  Assets:Inventory:Bar                 -4 SNACK
  Liabilities:Bar:Members:Bloemist      4 SNACK
  Liabilities:Bar:Members:Bloemist   4.40 EUR  
  Income:Bar                        -4.40 EUR  

2021-09-02 txn "Yvan bought 1 items for €1.50"
  timestamp: "2021-09-02 11:04:40.118604"
  type: "purchase"
  Assets:Inventory:Bar             -1 ICETEA
  Liabilities:Bar:Members:Yvan      1 ICETEA
  Liabilities:Bar:Members:Yvan   1.50 EUR   
  Income:Bar                    -1.50 EUR   

2021-09-02 txn "TQ bought 2 items for €3.20"
  timestamp: "2021-09-02 12:08:03.058746"
  type: "purchase"
  Assets:Inventory:Bar                -1 FRITZ
  Liabilities:Bar:Members:Thequux      1 FRITZ
  Assets:Inventory:Bar                -1 CHIP 
  Liabilities:Bar:Members:Thequux      1 CHIP 
  Liabilities:Bar:Members:Thequux   3.20 EUR  
  Income:Bar                       -3.20 EUR  

2021-09-02 txn "Els bought 1 items for €1.50"
  timestamp: "2021-09-02 12:23:05.053661"
  type: "purchase"
  Assets:Inventory:Bar            -1 ICETEA
  Liabilities:Bar:Members:Els      1 ICETEA
  Liabilities:Bar:Members:Els   1.50 EUR   
  Income:Bar                   -1.50 EUR   

2021-09-02 txn "Gust bought 1 items for €1.50"
  timestamp: "2021-09-02 12:39:42.894444"
  type: "purchase"
  Assets:Inventory:Bar             -1 ICETEA
  Liabilities:Bar:Members:Gust      1 ICETEA
  Liabilities:Bar:Members:Gust   1.50 EUR   
  Income:Bar                    -1.50 EUR   

2021-09-02 txn "Gust bought 1 items for €1.20"
  timestamp: "2021-09-02 13:35:12.097454"
  type: "purchase"
  Assets:Inventory:Bar             -1 CHIP
  Liabilities:Bar:Members:Gust      1 CHIP
  Liabilities:Bar:Members:Gust   1.20 EUR 
  Income:Bar                    -1.20 EUR 

2021-09-02 txn "Evils bought 1 items for €2.00"
  timestamp: "2021-09-02 14:30:29.713042"
  type: "purchase"
  Assets:Inventory:Bar              -1 FRITZ
  Liabilities:Bar:Members:Elvis      1 FRITZ
  Liabilities:Bar:Members:Elvis   2.00 EUR  
  Income:Bar                     -2.00 EUR  

2021-09-02 txn "Els bought 1 items for €2.00"
  timestamp: "2021-09-02 14:39:38.888840"
  type: "purchase"
  Assets:Inventory:Bar            -1 CIDER
  Liabilities:Bar:Members:Els      1 CIDER
  Liabilities:Bar:Members:Els   2.00 EUR  
  Income:Bar                   -2.00 EUR  

2021-09-02 txn "TQ bought 2 items for €4.00"
  timestamp: "2021-09-02 14:40:21.918847"
  type: "purchase"
  Assets:Inventory:Bar                -2 CIDER
  Liabilities:Bar:Members:Thequux      2 CIDER
  Liabilities:Bar:Members:Thequux   4.00 EUR  
  Income:Bar                       -4.00 EUR  

2021-09-02 txn "TQ deposited €2.00"
  timestamp: "2021-09-02 14:40:29.456057"
  type: "deposit"
  Liabilities:Bar:Members:Thequux  -2.00 EUR
  Assets:Cash:Bar                   2.00 EUR

2021-09-02 txn "qwaxys bought 2 items for €4.00"
  timestamp: "2021-09-02 14:50:50.417482"
  type: "purchase"
  Assets:Inventory:Bar             -2 CM 
  Liabilities:Bar:Members:Bart      2 CM 
  Liabilities:Bar:Members:Bart   4.00 EUR
  Income:Bar                    -4.00 EUR

2021-09-02 txn "Gust bought 2 items for €2.70"
  timestamp: "2021-09-02 14:55:26.815410"
  type: "purchase"
  Assets:Inventory:Bar             -1 ICETEA
  Liabilities:Bar:Members:Gust      1 ICETEA
  Assets:Inventory:Bar             -1 CHIP  
  Liabilities:Bar:Members:Gust      1 CHIP  
  Liabilities:Bar:Members:Gust   2.70 EUR   
  Income:Bar                    -2.70 EUR   

